IDBuyer;Day;Hour;Seller;Buyer;Prod;QualID;FinPrice;TransPrice;StdPrice;ProdPrice;Age;r;Qty;Quality;QualAdmId;IDAdmin;AdminPrice;Hour;supply;NewOffer;margBuyer;margSeller;VmargBuyer;VmargSeller;dem2;sup2;sup/dem;qty/dem;qty/off;BuyType;TypeXP;Idbuyer;dertrans
10053;1;7;1;53;0;3;32;30,16;30,16;17,17;0;Qty;10;0,639355;1;10100;43,1556;10;176;176;0,061007958;0,756552126;0,610079576;7,565521258;230;389;1,7;0,043478261;0,025706941;N;XP4;10153;70
10046;1;40;4;46;0;3;36;31,85;31,85;17,53;0;Qty;8;0,826788;2;10200;46,1878;40;372;372;0,130298273;0,816885339;1,042386185;6,535082715;70;377;5,4;0,114285714;0,021220159;N;XP4;10246;120
10049;1;45;2;49;0;3;32;28,52;28,52;13,89;0;Qty;9;0,604052;1;10100;43,1556;50;176;176;0,122019635;1,053275738;1,098176718;9,479481641;230;389;1,7;0,039130435;0,023136247;N;XP4;10149;110
10053;1;65;6;53;2;1;32;30,46;30,46;17,17;1;Qty;10;0,605208;1;12100;43,7525;70;283;283;0,050558109;0,774024461;0,50558109;7,740244613;230;528;2,3;0,043478261;0,018939394;N;XP4;12153;70
10025;1;65;8;25;0;1;20;14,47;14,47;14,47;1;Qty;10;0,299303;0;10000;0;70;0;0;0,382170007;0;3,821700069;0;200;271;1,4;0,05;0,036900369;B;XP4;10025;110
10053;1;67;15;53;1;2;36;33,6;33,6;18,01;0;Qty;10;0,855894;2;11200;49,206;70;202;202;0,071428571;0,865630205;0,714285714;8,656302054;50;201;4;0,2;0,049751244;N;XP4;11253;70
10052;1;68;15;52;1;2;36;33,6;33,6;18,01;0;Qty;10;0,855894;2;11200;49,206;70;202;202;0,071428571;0,865630205;0,714285714;8,656302054;50;201;4;0,2;0,049751244;N;XP4;11252;90
10057;1;70;4;57;2;3;36;33,34;33,34;20,47;0;Qty;10;0,9999;2;12200;46,2121;70;378;378;0,079784043;0,628724963;0,797840432;6,287249634;71;608;8,6;0,14084507;0,016447368;R;XP4;12257;120
10023;1;70;7;23;1;0;20;14,94;14,94;14,94;1;Qty;10;0,123843;0;11000;0;70;0;0;0,338688086;0;3,386880857;0;220;101;0,5;0,045454545;0,099009901;B;XP4;11023;230
10026;1;72;2;26;0;0;20;14,87;14,87;14,87;1;Qty;10;0,1713;0;10000;0;70;0;0;0,344989913;0;3,449899126;0;200;271;1,4;0,05;0,036900369;B;XP4;10026;180
10048;1;73;20;48;1;3;32;30,06;30,06;15,64;0;Qty;10;0,651825;1;11100;44,4944;70;165;165;0,064537591;0,921994885;0,645375915;9,219948849;230;383;1,7;0,043478261;0,026109661;N;XP4;11148;80
10038;1;79;8;38;0;1;20;14,47;14,47;14,47;1;Qty;10;0,299303;0;10000;0;80;0;0;0,382170007;0;3,821700069;0;200;271;1,4;0,05;0,036900369;B;XP4;10038;80
10063;1;79;3;63;1;2;32;29,97;29,97;15,45;0;Qty;10;0,638694;1;11100;44,4944;80;165;165;0,067734401;0,939805825;0,677344011;9,398058252;230;383;1,7;0,043478261;0,026109661;R;XP4;11163;80
10048;1;79;19;48;0;1;32;29,6;29,6;16,05;0;Qty;10;0,639055;1;10100;43,1556;80;176;176;0,081081081;0,84423676;0,810810811;8,442367601;230;389;1,7;0,043478261;0,025706941;N;XP4;10148;80
10040;1;80;10;40;1;1;24;15,62;15,62;15,62;1;Qty;10;0,247455;0;11000;0;80;0;0;0,536491677;0;5,364916773;0;220;101;0,5;0,045454545;0,099009901;B;XP4;11040;160
10052;1;82;19;52;0;1;32;29,6;29,6;16,05;0;Qty;5;0,639055;1;10100;43,1556;80;176;176;0,081081081;0,84423676;0,405405405;4,221183801;230;389;1,7;0,02173913;0,01285347;N;XP4;10152;90
10047;1;90;6;47;2;1;32;30,46;30,46;17,17;1;Qty;10;0,605208;1;12100;43,7525;90;283;283;0,050558109;0,774024461;0,50558109;7,740244613;230;528;2,3;0,043478261;0,018939394;N;XP4;12147;100
10052;1;90;6;52;2;1;32;30,46;30,46;17,17;1;Qty;10;0,605208;1;12100;43,7525;90;283;283;0,050558109;0,774024461;0,50558109;7,740244613;230;528;2,3;0,043478261;0,018939394;N;XP4;12152;90
10047;1;92;20;47;1;3;32;30,06;30,06;15,64;0;Qty;5;0,651825;1;11100;44,4944;90;165;165;0,064537591;0,921994885;0,322687957;4,609974425;230;383;1,7;0,02173913;0,01305483;N;XP4;11147;100
10052;1;93;13;52;0;1;32;29,93;29,93;16,72;0;Qty;5;0,616976;1;10100;43,1556;90;176;176;0,069161377;0,79007177;0,345806883;3,950358852;230;389;1,7;0,02173913;0,01285347;N;XP4;10152;90
10037;1;93;16;37;1;1;24;16,23;16,23;16,23;1;Qty;10;0,249344;0;11000;0;90;0;0;0,478743068;0;4,787430684;0;220;101;0,5;0,045454545;0,099009901;B;XP4;11037;220
10040;1;94;8;40;0;1;20;14,47;14,47;14,47;1;Qty;7;0,299303;0;10000;0;90;0;0;0,382170007;0;2,675190048;0;200;271;1,4;0,035;0,025830258;B;XP4;10040;160
10036;1;102;8;36;0;1;20;14,47;17,8;17,81;1;Qty;10;0,323995;0;10000;0;100;0;0;0,382170007;-0,187535093;3,821700069;-1,875350926;200;271;1,4;0,05;0,036900369;B;XP4;10036;160
10068;1;103;8;68;0;4;36;31,58;31,58;16,99;0;Qty;10;0,838834;2;10200;46,1878;100;372;372;0,139962001;0,858740436;1,399620013;8,587404356;70;377;5,4;0,142857143;0,026525199;T;XP4;10268;100
10030;1;103;6;30;0;0;20;14,51;14,51;14,51;1;Qty;10;0,284663;0;10000;0;100;0;0;0,378359752;0;3,783597519;0;200;271;1,4;0,05;0,036900369;B;XP4;10030;120
10047;1;104;19;47;0;1;32;29,6;33,35;20,52;0;Qty;10;0,9999;2;10200;46,1878;100;372;372;0,081081081;0,442495127;0,810810811;4,424951267;70;377;5,4;0,142857143;0,026525199;N;XP4;10247;100
10056;1;104;4;56;2;3;36;33,34;33,34;20,47;0;Qty;8;0,9999;2;12200;46,2121;100;378;378;0,079784043;0,628724963;0,638272346;5,029799707;71;608;8,6;0,112676056;0,013157895;R;XP4;12256;270
10025;1;107;7;25;1;0;20;14,94;14,94;14,94;1;Qty;10;0,123843;0;11000;0;110;0;0;0,338688086;0;3,386880857;0;220;101;0,5;0,045454545;0,099009901;B;XP4;11025;110
10041;1;109;17;41;0;6;36;31,6;31,6;17,02;0;Qty;10;0,811664;2;10200;46,1878;110;372;372;0,139240506;0,856639248;1,392405063;8,566392479;70;377;5,4;0,142857143;0,026525199;N;XP4;10241;110
10066;1;110;3;66;1;2;32;29,97;29,97;15,45;0;Qty;9;0,638694;1;11100;44,4944;110;165;165;0,067734401;0,939805825;0,60960961;8,458252427;230;383;1,7;0,039130435;0,023498695;R;XP4;11166;260
10029;1;110;8;29;0;1;20;14,47;17,8;17,81;1;Qty;10;0,323995;0;10000;0;110;0;0;0,382170007;-0,187535093;3,821700069;-1,875350926;200;271;1,4;0,05;0,036900369;B;XP4;10029;190
10049;1;111;13;49;0;1;32;29,93;29,93;16,72;0;Qty;1;0,616976;1;10100;43,1556;110;176;176;0,069161377;0,79007177;0,069161377;0,79007177;230;389;1,7;0,004347826;0,002570694;N;XP4;10149;110
10050;1;111;6;50;2;1;32;30,46;30,46;17,17;1;Qty;5;0,605208;1;12100;43,7525;110;283;283;0,050558109;0,774024461;0,252790545;3,870122306;230;528;2,3;0,02173913;0,009469697;N;XP4;12150;160
10027;1;112;7;27;1;0;20;14,94;14,94;14,94;1;Qty;8;0,123843;0;11000;0;110;0;0;0,338688086;0;2,709504685;0;220;101;0,5;0,036363636;0,079207921;B;XP4;11027;110
10060;1;114;15;60;1;2;36;33,6;33,6;18,01;0;Qty;2;0,855894;2;11200;49,206;110;202;202;0,071428571;0,865630205;0,142857143;1,731260411;50;201;4;0,04;0,009950249;R;XP4;11260;110
10039;1;115;8;39;0;1;20;14,47;17,8;17,81;1;Qty;4;0,323995;0;10000;0;120;0;0;0,382170007;-0,187535093;1,528680028;-0,750140371;200;271;1,4;0,02;0,014760148;B;XP4;10039;170
10030;1;117;16;30;1;1;24;16,23;16,23;16,23;1;Qty;10;0,249344;0;11000;0;120;0;0;0,478743068;0;4,787430684;0;220;101;0,5;0,045454545;0,099009901;B;XP4;11030;120
10057;1;119;19;57;0;1;32;29,6;33,35;20,52;0;Qty;7;0,9999;2;10200;46,1878;120;372;372;0,081081081;0,442495127;0,567567568;3,097465887;70;377;5,4;0,1;0,018567639;R;XP4;10257;120
10044;1;119;13;44;0;1;32;29,93;29,93;16,72;0;Qty;9;0,616976;1;10100;43,1556;120;176;176;0,069161377;0,79007177;0,622452389;7,110645933;230;389;1,7;0,039130435;0,023136247;N;XP4;10144;120
10044;1;121;11;44;0;3;32;30,21;30,21;17,27;0;Qty;1;0,654675;1;10100;43,1556;120;176;176;0,059251903;0,749276202;0,059251903;0,749276202;230;389;1,7;0,004347826;0,002570694;N;XP4;10144;120
10046;1;121;17;46;0;6;36;31,6;31,6;17,02;0;Qty;2;0,811664;2;10200;46,1878;120;372;372;0,139240506;0,856639248;0,278481013;1,713278496;70;377;5,4;0,028571429;0,00530504;N;XP4;10246;120
10039;1;122;10;39;1;1;24;15,62;15,62;15,62;1;Qty;10;0,247455;0;11000;0;120;0;0;0,536491677;0;5,364916773;0;220;101;0,5;0,045454545;0,099009901;B;XP4;11039;170
10022;1;122;6;22;0;0;24;14,51;14,51;14,51;1;Qty;1;0,284663;0;10000;0;120;0;0;0,654031702;0;0,654031702;0;200;271;1,4;0,005;0,003690037;B;XP4;10022;180
10066;1;126;6;66;2;1;32;30,46;28,32;12,89;0;Qty;4;0,614907;1;12100;43,7525;130;283;283;0,050558109;1,363072149;0,202232436;5,452288596;230;528;2,3;0,017391304;0,007575758;R;XP4;12166;260
10045;1;127;6;45;2;1;32;30,46;30,86;17,97;0;Qty;10;0,628591;1;12100;43,7525;130;283;283;0,050558109;0,695047301;0,50558109;6,950473011;230;528;2,3;0,043478261;0,018939394;N;XP4;12145;150
10042;1;127;13;42;0;1;32;29,93;32,41;18,65;0;Qty;10;0,689482;2;10200;46,1878;130;372;372;0,069161377;0,604825737;0,691613765;6,048257373;70;377;5,4;0,142857143;0,026525199;N;XP4;10242;130
10039;1;136;2;39;0;0;20;14,87;14,87;14,87;1;Qty;3;0,1713;0;10000;0;140;0;0;0,344989913;0;1,034969738;0;200;271;1,4;0,015;0,011070111;B;XP4;10039;170
10022;1;146;9;22;0;0;24;17,03;17,03;17,03;1;Qty;9;0,317122;0;10000;0;150;0;0;0,409277745;0;3,683499706;0;200;271;1,4;0,045;0,033210332;B;XP4;10022;180
10045;1;150;17;45;0;6;36;31,6;31,6;17,02;0;Qty;10;0,811664;2;10200;46,1878;150;372;372;0,139240506;0,856639248;1,392405063;8,566392479;70;377;5,4;0,142857143;0,026525199;N;XP4;10245;150
10026;1;152;16;26;1;1;24;16,23;16,23;16,23;1;Qty;1;0,249344;0;11000;0;150;0;0;0,478743068;0;0,478743068;0;220;101;0,5;0,004545455;0,00990099;B;XP4;11026;180
10051;1;156;11;51;0;3;32;30,21;30,21;17,27;0;Qty;10;0,654675;1;10100;43,1556;160;176;176;0,059251903;0,749276202;0,592519033;7,492762015;230;389;1,7;0,043478261;0,025706941;N;XP4;10151;160
10066;1;157;13;66;0;1;32;29,93;32,41;18,65;0;Qty;10;0,689482;2;10200;46,1878;160;372;372;0,069161377;0,604825737;0,691613765;6,048257373;70;377;5,4;0,142857143;0,026525199;R;XP4;10266;260
10050;1;158;13;50;0;1;32;29,93;32,41;18,65;0;Qty;1;0,689482;2;10200;46,1878;160;372;372;0,069161377;0,604825737;0,069161377;0,604825737;70;377;5,4;0,014285714;0,00265252;N;XP4;10250;160
10036;1;162;10;36;1;1;20;15,62;15,62;15,62;1;Qty;2;0,247455;0;11000;0;160;0;0;0,280409731;0;0,560819462;0;220;101;0,5;0,009090909;0,01980198;B;XP4;11036;160
10062;1;163;17;62;0;6;36;31,6;31,6;17,02;0;Qty;10;0,811664;2;10200;46,1878;160;372;372;0,139240506;0,856639248;1,392405063;8,566392479;70;377;5,4;0,142857143;0,026525199;R;XP4;10262;230
10055;1;164;13;55;0;1;32;29,93;32,49;18,81;0;Qty;10;0,9999;2;10200;46,1878;160;372;372;0,069161377;0,591174907;0,691613765;5,91174907;70;377;5,4;0,142857143;0,026525199;R;XP4;10255;260
10040;1;164;19;40;0;0;20;15,35;15,35;15,35;1;Qty;3;0,130394;0;10000;0;160;0;0;0,302931596;0;0,908794788;0;200;271;1,4;0,015;0,011070111;B;XP4;10040;160
10056;1;166;17;56;0;6;36;31,6;31,74;17,3;0;Qty;10;0,844711;2;10200;46,1878;170;372;372;0,139240506;0,826589595;1,392405063;8,265895954;70;377;5,4;0,142857143;0,026525199;R;XP4;10256;270
10039;1;174;19;39;0;0;20;15,35;15,35;15,35;1;Qty;3;0,130394;0;10000;0;170;0;0;0,302931596;0;0,908794788;0;200;271;1,4;0,015;0,011070111;B;XP4;10039;170
10024;1;175;13;24;0;0;24;16,07;16,07;16,08;1;Qty;10;0,253849;0;10000;0;180;0;0;0,493466086;-0,000621891;4,934660859;-0,006218905;200;271;1,4;0,05;0,036900369;B;XP4;10024;180
10033;1;175;18;33;1;3;20;17,5;17,5;17,5;1;Qty;10;0,318267;0;11000;0;180;0;0;0,142857143;0;1,428571429;0;220;101;0,5;0,045454545;0,099009901;B;XP4;11033;210
10026;1;178;3;26;1;1;24;17,13;17,13;17,13;1;Qty;9;0,305169;0;11000;0;180;0;0;0,401050788;0;3,609457093;0;220;101;0,5;0,040909091;0,089108911;B;XP4;11026;180
10037;1;178;13;37;0;0;24;16,07;16,07;16,08;1;Qty;6;0,253849;0;10000;0;180;0;0;0,493466086;-0,000621891;2,960796515;-0,003731343;200;271;1,4;0,03;0,022140221;B;XP4;10037;220
10022;1;181;3;22;1;1;20;17,13;17,13;17,13;1;Qty;9;0,305169;0;11000;0;180;0;0;0,167542323;0;1,507880911;0;220;101;0,5;0,040909091;0,089108911;B;XP4;11022;180
10028;1;183;18;28;1;3;20;17,5;17,5;17,5;1;Qty;2;0,318267;0;11000;0;180;0;0;0,142857143;0;0,285714286;0;220;101;0,5;0,009090909;0,01980198;B;XP4;11028;180
10029;1;190;10;29;1;2;20;15,62;30,53;16,57;1;Qty;4;0,375453;1;11100;44,4944;190;165;165;0,280409731;-0,057332529;1,121638924;-0,229330115;230;383;1,7;0,017391304;0,010443864;B;XP4;11129;190
10061;1;197;11;61;0;3;32;30,21;30,21;17,27;0;Qty;2;0,654675;1;10100;43,1556;200;176;176;0,059251903;0,749276202;0,118503807;1,498552403;230;389;1,7;0,008695652;0,005141388;R;XP4;10161;260
10066;1;199;6;66;2;1;32;30,46;30,86;17,97;0;Qty;6;0,628591;1;12100;43,7525;200;283;283;0,050558109;0,695047301;0,303348654;4,170283806;230;528;2,3;0,026086957;0,011363636;R;XP4;12166;260
10032;1;202;9;32;0;0;24;17,03;17,03;17,03;1;Qty;4;0,317122;0;10000;0;200;0;0;0,409277745;0;1,637110981;0;200;271;1,4;0,02;0,014760148;B;XP4;10032;210
10033;1;210;19;33;0;0;20;15,35;15,35;15,35;1;Qty;10;0,130394;0;10000;0;210;0;0;0,302931596;0;3,029315961;0;200;271;1,4;0,05;0,036900369;B;XP4;10033;210
10032;1;210;11;32;0;1;24;17,87;17,87;17,87;1;Qty;6;0,232003;0;10000;0;210;0;0;0,343033016;0;2,058198097;0;200;271;1,4;0,03;0,022140221;B;XP4;10032;210
10064;1;214;1;64;0;3;32;30,16;30,16;17,17;0;Qty;1;0,639355;1;10100;43,1556;210;176;176;0,061007958;0,756552126;0,061007958;0,756552126;230;389;1,7;0,004347826;0,002570694;R;XP4;10164;260
10037;1;221;11;37;0;1;24;17,87;17,87;17,87;1;Qty;4;0,232003;0;10000;0;220;0;0;0,343033016;0;1,372132065;0;200;271;1,4;0,02;0,014760148;B;XP4;10037;220
10023;1;225;19;23;0;0;20;15,35;15,35;15,35;1;Qty;3;0,130394;0;10000;0;230;0;0;0,302931596;0;0,908794788;0;200;271;1,4;0,015;0,011070111;B;XP4;10023;230
10062;1;230;17;62;0;6;36;31,6;31,74;17,3;0;Qty;10;0,844711;2;10200;46,1878;230;372;372;0,139240506;0,826589595;1,392405063;8,265895954;70;377;5,4;0,142857143;0,026525199;R;XP4;10262;230
10056;1;243;17;56;0;6;36;31,6;31,74;17,3;0;Qty;6;0,844711;2;10200;46,1878;240;372;372;0,139240506;0,826589595;0,835443038;4,959537572;70;377;5,4;0,085714286;0,015915119;R;XP4;10256;270
10066;1;255;6;66;2;1;32;30,46;30,86;17,97;0;Qty;6;0,628591;1;12100;43,7525;260;283;283;0,050558109;0,695047301;0,303348654;4,170283806;230;528;2,3;0,026086957;0,011363636;R;XP4;12166;260
10055;1;257;1;55;0;4;32;30,16;31,79;17,41;0;Qty;10;0,705691;2;10200;46,1878;260;372;372;0,061007958;0,732337737;0,610079576;7,323377369;70;377;5,4;0,142857143;0,026525199;R;XP4;10255;260
10064;1;259;11;64;0;4;32;30,21;32,1;18,03;0;Qty;9;0,696963;2;10200;46,1878;260;372;372;0,059251903;0,675540765;0,53326713;6,079866889;70;377;5,4;0,128571429;0,023872679;R;XP4;10264;260
10061;1;262;11;61;0;4;32;30,21;32,1;18,03;0;Qty;8;0,696963;2;10200;46,1878;260;372;372;0,059251903;0,675540765;0,474015227;5,404326123;70;377;5,4;0,114285714;0,021220159;R;XP4;10261;260
10056;1;265;3;56;0;3;36;32,02;32,02;17,87;0;Qty;4;0,848193;2;10200;46,1878;270;372;372;0,124297314;0,791829882;0,497189257;3,16731953;70;377;5,4;0,057142857;0,01061008;R;XP4;10256;270
20057;2;12;4;57;2;3;36;33,34;37,41;19,63;0;Qty;10;0,861651;2;22200;32,1587;10;608;420;0,079784043;0,698420785;0,797840432;6,984207845;70;399;5,7;0,142857143;0,025062657;R;XP4;22257;90
20053;2;15;6;53;2;2;32;25,11;25,11;18,08;0;Qty;10;0,765159;2;22200;32,1587;20;608;420;0,274392672;0,388827434;2,743926722;3,888274336;70;399;5,7;0,142857143;0,025062657;N;XP4;22253;30
20048;2;16;19;48;1;1;32;23,28;23,45;16,1;0;Qty;10;0,646833;1;21100;30,8071;20;383;134;0,374570447;0,445962733;3,745704467;4,459627329;230;348;1,5;0,043478261;0,028735632;N;XP4;21148;90
20063;2;17;3;63;0;1;28;24,04;24,13;17,87;1;Qty;10;0,448193;1;20100;30,4067;20;389;112;0,164725458;0,345271405;1,647254576;3,452714046;230;281;1,2;0,043478261;0,035587189;R;XP4;20163;110
20052;2;19;6;52;2;2;32;25,11;25,11;18,08;0;Qty;9;0,765159;2;22200;32,1587;20;608;420;0,274392672;0,388827434;2,46953405;3,499446903;70;399;5,7;0,128571429;0,022556391;N;XP4;22252;20
20048;2;22;20;48;0;4;32;25,69;25,95;19,85;0;Qty;9;0,978325;2;20200;32,0579;20;377;377;0,245620864;0,294206549;2,210587777;2,647858942;70;363;5,2;0,128571429;0,024793388;N;XP4;20248;90
20053;2;23;1;53;0;4;32;28,4;28,4;17,21;0;Qty;10;0,671256;2;20200;32,0579;20;377;377;0,126760563;0,65020337;1,267605634;6,502033701;70;363;5,2;0,142857143;0,027548209;N;XP4;20253;30
20048;2;23;19;48;2;1;36;24,33;24,58;17,01;0;Qty;10;0,807103;2;22200;32,1587;20;608;420;0,479654747;0,430335097;4,796547472;4,30335097;70;399;5,7;0,142857143;0,025062657;N;XP4;22248;90
20053;2;26;15;53;1;2;36;34,22;38,16;18,62;0;Qty;10;0,873761;2;21200;34,1433;30;201;184;0,052016365;0,837808808;0,520163647;8,378088077;50;324;6,5;0,2;0,030864198;N;XP4;21253;30
20047;2;27;19;47;2;1;32;24,33;24,58;17,01;0;Qty;7;0,807103;2;22200;32,1587;30;608;420;0,315248664;0,430335097;2,206740649;3,012345679;70;399;5,7;0,1;0,01754386;N;XP4;22247;50
20047;2;31;4;47;0;2;32;24,09;24,09;17,79;0;Qty;10;0,616726;1;20100;30,4067;30;389;112;0,328352013;0,354131535;3,283520133;3,541315346;230;281;1,2;0,043478261;0,035587189;N;XP4;20147;50
20055;2;35;1;55;0;4;32;30,16;28,4;17,21;0;Qty;3;0,671256;2;20200;32,0579;40;377;377;0,061007958;0,752469494;0,183023873;2,257408483;70;363;5,2;0,042857143;0,008264463;R;XP4;20255;150
20023;2;35;4;23;0;1;20;15,9;15,9;15,19;1;Qty;10;0,270492;0;20000;16,61;40;271;0;0,257861635;0,046741277;2,578616352;0,467412772;201;148;0,7;0,049751244;0,067567568;B;XP4;20023;40
20050;2;38;14;50;1;4;28;26,27;26,27;18,4;1;Qty;10;0,733233;2;21200;34,1433;40;201;184;0,065854587;0,427717391;0,65854587;4,277173913;50;324;6,5;0,2;0,030864198;N;XP4;21250;40
20065;2;52;1;65;2;2;28;22,44;22,44;14,7;0;Qty;9;0,43415;1;22100;30,1946;50;528;184;0,247771836;0,526530612;2,229946524;4,73877551;230;1055;4,6;0,039130435;0,008530806;R;XP4;22165;230
20049;2;52;2;49;2;4;36;26,39;26,41;20,68;0;Qty;10;0,841147;2;22200;32,1587;50;608;420;0,364153088;0,276112186;3,641530883;2,761121857;70;399;5,7;0,142857143;0,025062657;N;XP4;22249;130
20047;2;53;4;47;2;2;32;23,78;23,78;17,37;0;Qty;3;0,602588;1;22100;30,1946;50;528;184;0,345668629;0,369027058;1,037005887;1,107081174;230;1055;4,6;0,013043478;0,002843602;N;XP4;22147;50
20066;2;59;3;66;0;2;32;24,71;24,71;17,37;0;Qty;10;0,700581;2;20200;32,0579;60;377;377;0,295022258;0,422567645;2,950222582;4,225676454;70;363;5,2;0,142857143;0,027548209;R;XP4;20266;230
20035;2;63;3;35;0;0;20;16,15;16,15;15,69;1;Qty;10;0,0917829;0;20000;16,61;60;271;0;0,238390093;0,029318037;2,383900929;0,29318037;201;148;0,7;0,049751244;0,067567568;B;XP4;20035;70
20065;2;65;4;65;2;1;28;22,71;22,71;15,24;0;Qty;1;0,48878;1;22100;30,1946;70;528;184;0,232937032;0,49015748;0,232937032;0,49015748;230;1055;4,6;0,004347826;0,000947867;R;XP4;22165;230
20065;2;65;4;65;0;2;28;24,09;24,09;17,79;0;Qty;10;0,616726;1;20100;30,4067;70;389;112;0,162308012;0,354131535;1,623080116;3,541315346;230;281;1,2;0,043478261;0,035587189;R;XP4;20165;230
20041;2;69;2;41;2;2;28;23,84;23,84;17,49;2;Qty;10;0,406217;1;22100;30,1946;70;528;184;0,174496644;0,363064608;1,744966443;3,630646083;230;1055;4,6;0,043478261;0,009478673;N;XP4;22141;140
20035;2;70;18;35;1;2;24;18,35;18,35;18,35;2;Qty;10;0,26667;0;21000;16,284;70;101;0;0,307901907;0;3,079019074;0;220;216;1;0,045454545;0,046296296;B;XP4;21035;70
20044;2;70;2;44;2;3;32;24,57;24,57;18,96;1;Qty;10;0,623512;1;22100;30,1946;70;528;184;0,302401302;0,295886076;3,024013024;2,958860759;230;1055;4,6;0,043478261;0,009478673;N;XP4;22144;90
20039;2;75;3;39;0;0;20;16,15;16,15;15,69;1;Qty;10;0,0917829;0;20000;16,61;80;271;0;0,238390093;0,029318037;2,383900929;0,29318037;201;148;0,7;0,049751244;0,067567568;B;XP4;20039;100
20038;2;77;4;38;2;1;28;22,71;22,71;15,24;0;Qty;10;0,48878;1;22100;30,1946;80;528;184;0,232937032;0,49015748;2,329370321;4,901574803;230;1055;4,6;0,043478261;0,009478673;B;XP4;22138;120
20057;2;77;7;57;1;1;24;16;16;15,72;1;Qty;10;0,288747;0;21000;16,284;80;101;0;0,5;0,017811705;5;0,178117048;220;216;1;0,045454545;0,046296296;R;XP4;21057;90
20046;2;77;11;46;0;5;36;25,34;25,34;18,63;0;Qty;10;0,861018;2;20200;32,0579;80;377;377;0,420678769;0,360171766;4,206787687;3,60171766;70;363;5,2;0,142857143;0,027548209;N;XP4;20246;90
20046;2;80;19;46;1;1;32;23,45;23,45;16,1;0;Qty;8;0,646833;1;21100;30,8071;80;383;134;0,364605544;0,456521739;2,91684435;3,652173913;230;348;1,5;0,034782609;0,022988506;N;XP4;21146;90
20040;2;83;2;40;2;1;24;22,3;22,3;15,7;2;Qty;10;0,227115;0;22000;28,9143;80;139;6;0,076233184;0,420382166;0,762331839;4,203821656;200;324;1,6;0,05;0,030864198;B;XP4;22040;110
20046;2;83;5;46;2;1;32;24,33;24,33;16,51;0;Qty;10;0,731133;2;22200;32,1587;80;608;420;0,315248664;0,473652332;3,152486642;4,736523319;70;399;5,7;0,142857143;0,025062657;N;XP4;22246;90
20046;2;86;18;46;1;6;32;24,08;24,08;14,03;0;Qty;2;0,699213;2;21200;34,1433;90;201;184;0,328903654;0,716322167;0,657807309;1,432644334;50;324;6,5;0,04;0,00617284;N;XP4;21246;90
20063;2;86;4;63;2;1;28;22,71;22,71;15,24;0;Qty;6;0,48878;1;22100;30,1946;90;528;184;0,232937032;0,49015748;1,397622193;2,940944882;230;1055;4,6;0,026086957;0,005687204;R;XP4;22163;110
20039;2;86;19;39;2;0;20;18,92;23,06;17,22;2;Qty;10;0,244778;0;22000;28,9143;90;139;6;0,057082452;0,098722416;0,570824524;0,987224158;200;324;1,6;0,05;0,030864198;B;XP4;22039;100
20044;2;87;2;44;1;3;32;26,43;26,43;18,73;0;Qty;10;0,756332;2;21200;34,1433;90;201;184;0,210745365;0,411105179;2,107453651;4,111051789;50;324;6,5;0,2;0,030864198;N;XP4;21244;90
20063;2;88;5;63;2;0;28;22,93;22,93;15,67;1;Qty;4;0,43793;1;22100;30,1946;90;528;184;0,221107719;0,46330568;0,884430877;1,853222719;230;1055;4,6;0,017391304;0,003791469;R;XP4;22163;110
20048;2;88;8;48;0;3;32;23,32;23,32;16,24;0;Qty;1;0,641184;1;20100;30,4067;90;389;112;0,372212693;0,435960591;0,372212693;0,435960591;230;281;1,2;0,004347826;0,003558719;N;XP4;20148;90
20057;2;89;8;57;0;3;32;23,32;23,32;16,24;0;Qty;10;0,641184;1;20100;30,4067;90;389;112;0,372212693;0,435960591;3,72212693;4,359605911;230;281;1,2;0,043478261;0,035587189;R;XP4;20157;90
20054;2;90;6;54;0;1;28;23,17;23,17;15,95;0;Qty;10;0,464813;1;20100;30,4067;90;389;112;0,208459215;0,452664577;2,084592145;4,526645768;230;281;1,2;0,043478261;0,035587189;R;XP4;20154;200
20043;2;93;8;43;0;3;32;23,32;23,32;16,24;0;Qty;10;0,641184;1;20100;30,4067;90;389;112;0,372212693;0,435960591;3,72212693;4,359605911;230;281;1,2;0,043478261;0,035587189;N;XP4;20143;110
20043;2;95;18;43;1;6;32;24,08;24,08;14,03;0;Qty;10;0,699213;2;21200;34,1433;100;201;184;0,328903654;0,716322167;3,289036545;7,163221668;50;324;6,5;0,2;0,030864198;N;XP4;21243;110
20040;2;98;19;40;1;0;24;22,62;23,78;16,76;1;Qty;10;0,365996;1;21100;30,8071;100;383;134;0,061007958;0,349642005;0,610079576;3,496420048;230;348;1,5;0,043478261;0,028735632;B;XP4;21140;110
20039;2;103;2;39;1;1;24;16,46;16,53;16,53;2;Qty;10;0,324866;0;21000;16,284;100;101;0;0,458080194;-0,004234725;4,580801944;-0,042347247;220;216;1;0,045454545;0,046296296;B;XP4;21039;100
20030;2;104;2;30;2;1;24;22,3;22,3;15,7;2;Qty;10;0,227115;0;22000;28,9143;100;139;6;0,076233184;0,420382166;0,762331839;4,203821656;200;324;1,6;0,05;0,030864198;B;XP4;22030;140
20033;2;105;19;33;1;0;20;16,35;16,52;16,52;2;Qty;10;0,193788;0;21000;16,284;110;101;0;0,22324159;-0,010290557;2,232415902;-0,102905569;220;216;1;0,045454545;0,046296296;B;XP4;21033;200
20038;2;105;4;38;0;1;20;15,74;15,9;15,19;1;Qty;10;0,270492;0;20000;16,61;110;271;0;0,27064803;0,036208032;2,706480305;0,362080316;201;148;0,7;0,049751244;0,067567568;B;XP4;20038;120
20055;2;107;3;55;0;2;32;24,71;24,71;17,37;0;Qty;7;0,700581;2;20200;32,0579;110;377;377;0,295022258;0,422567645;2,065155807;2,957973518;70;363;5,2;0,1;0,019283747;R;XP4;20255;150
20040;2;107;4;40;0;1;20;15,9;15,9;15,19;1;Qty;1;0,270492;0;20000;16,61;110;271;0;0,257861635;0,046741277;0,257861635;0,046741277;201;148;0,7;0,004975124;0,006756757;B;XP4;20040;110
20045;2;108;10;45;1;4;32;24,22;24,22;17,65;0;Qty;4;0,61293;1;21100;30,8071;110;383;134;0,32122213;0,37223796;1,284888522;1,488951841;230;348;1,5;0,017391304;0,011494253;N;XP4;21145;120
20043;2;110;8;43;2;3;32;23,48;23,48;14,81;0;Qty;10;0,784783;2;22200;32,1587;110;608;420;0,36286201;0,58541526;3,628620102;5,8541526;70;399;5,7;0,142857143;0,025062657;N;XP4;22243;110
20063;2;110;9;63;1;1;32;23,74;23,74;16,68;0;Qty;10;0,663244;1;21100;30,8071;110;383;134;0,347935973;0,423261391;3,47935973;4,232613909;230;348;1,5;0,043478261;0,028735632;R;XP4;21163;110
20030;2;110;6;30;0;0;20;15,98;17,44;16,11;1;Qty;8;0,0233236;0;20000;16,61;110;271;0;0,251564456;-0,008069522;2,012515645;-0,064556176;201;148;0,7;0,039800995;0,054054054;B;XP4;20030;140
20045;2;112;16;45;1;4;32;24,56;24,56;14,99;0;Qty;6;0,77595;2;21200;34,1433;110;201;184;0,302931596;0,638425617;1,817589577;3,830553702;50;324;6,5;0,12;0,018518519;N;XP4;21245;120
20040;2;113;3;40;0;0;20;16,15;16,15;15,69;1;Qty;3;0,0917829;0;20000;16,61;110;271;0;0,238390093;0,029318037;0,715170279;0,087954111;201;148;0,7;0,014925373;0,02027027;B;XP4;20040;110
20045;2;115;11;45;0;5;36;25,34;25,34;18,63;0;Qty;4;0,861018;2;20200;32,0579;120;377;377;0,420678769;0,360171766;1,682715075;1,440687064;70;363;5,2;0,057142857;0,011019284;N;XP4;20245;120
20038;2;116;7;38;1;2;28;22,94;22,94;15,08;0;Qty;10;0,452689;1;21100;30,8071;120;383;134;0,220575414;0,521220159;2,205754141;5,212201592;230;348;1,5;0,043478261;0,028735632;B;XP4;21138;120
20037;2;117;2;37;1;1;24;16,53;16,53;16,53;2;Qty;7;0,324866;0;21000;16,284;120;101;0;0,451905626;0;3,163339383;0;220;216;1;0,031818182;0,032407407;B;XP4;21037;130
20045;2;118;4;45;2;2;32;23,78;23,78;17,37;0;Qty;10;0,602588;1;22100;30,1946;120;528;184;0,345668629;0,369027058;3,456686291;3,690270581;230;1055;4,6;0,043478261;0,009478673;N;XP4;22145;120
20045;2;119;5;45;0;1;36;25,44;25,44;18,83;0;Qty;6;0,9999;2;20200;32,0579;120;377;377;0,41509434;0,351035582;2,490566038;2,106213489;70;363;5,2;0,085714286;0,016528926;N;XP4;20245;120
20030;2;120;7;30;1;1;24;16;16;15,72;1;Qty;10;0,288747;0;21000;16,284;120;101;0;0,5;0,017811705;5;0,178117048;220;216;1;0,045454545;0,046296296;B;XP4;21030;140
20054;2;120;12;54;1;3;36;26,62;26,62;19,1;0;Qty;10;0,96887;2;21200;34,1433;120;201;184;0,352366642;0,393717277;3,523666416;3,937172775;50;324;6,5;0,2;0,030864198;R;XP4;21254;200
20027;2;120;1;27;0;1;20;17,41;17,41;17,41;1;Qty;10;0,305691;0;20000;16,61;120;271;0;0,148765078;0;1,487650775;0;201;148;0,7;0,049751244;0,067567568;B;XP4;20027;130
20025;2;121;15;25;1;0;20;17,12;17,12;17,12;2;Qty;10;0,108688;0;21000;16,284;120;101;0;0,168224299;0;1,682242991;0;220;216;1;0,045454545;0,046296296;B;XP4;21025;120
20070;2;122;9;70;1;1;32;23,74;23,74;16,68;0;Qty;10;0,663244;1;21100;30,8071;120;383;134;0,347935973;0,423261391;3,47935973;4,232613909;230;348;1,5;0,043478261;0,028735632;T;XP4;21170;180
20028;2;125;8;28;0;2;28;23,69;23,69;16,99;1;Qty;7;0,438834;1;20100;30,4067;130;389;112;0,181933305;0,394349617;1,273533136;2,760447322;230;281;1,2;0,030434783;0,024911032;B;XP4;20128;200
20042;2;125;9;42;1;1;32;23,74;23,74;16,68;0;Qty;3;0,663244;1;21100;30,8071;130;383;134;0,347935973;0,423261391;1,043807919;1,269784173;230;348;1,5;0,013043478;0,00862069;N;XP4;21142;160
20049;2;125;8;49;0;3;32;23,32;23,32;16,24;0;Qty;10;0,641184;1;20100;30,4067;130;389;112;0,372212693;0,435960591;3,72212693;4,359605911;230;281;1,2;0,043478261;0,035587189;N;XP4;20149;130
20037;2;127;20;37;0;1;24;20,79;20,79;20,79;1;Qty;11;0,316457;0;20000;16,61;130;271;0;0,154401154;0;1,698412698;0;201;148;0,7;0,054726368;0,074324324;B;XP4;20037;130
20049;2;127;18;49;1;6;32;24,08;24,08;14,03;0;Qty;2;0,699213;2;21200;34,1433;130;201;184;0,328903654;0,716322167;0,657807309;1,432644334;50;324;6,5;0,04;0,00617284;N;XP4;21249;130
20027;2;127;19;27;1;0;20;16,52;16,52;16,52;2;Qty;10;0,193788;0;21000;16,284;130;101;0;0,210653753;0;2,10653753;0;220;216;1;0,045454545;0,046296296;B;XP4;21027;130
20036;2;127;10;36;1;1;20;18,84;19,62;16,71;1;Qty;10;0,181036;0;21000;16,284;130;101;0;0,061571125;0,127468582;0,615711253;1,274685817;220;216;1;0,045454545;0,046296296;B;XP4;21036;180
20030;2;129;1;30;0;1;20;17,41;17,41;17,41;1;Qty;1;0,305691;0;20000;16,61;130;271;0;0,148765078;0;0,148765078;0;201;148;0,7;0,004975124;0,006756757;B;XP4;20030;140
20049;2;129;10;49;1;4;32;24,22;25,22;16,3;0;Qty;8;0,689592;2;21200;34,1433;130;201;184;0,32122213;0,485889571;2,569777044;3,887116564;50;324;6,5;0,16;0,024691358;N;XP4;21249;130
20065;2;130;4;65;2;2;28;22,71;24;17,81;2;Qty;1;0,505387;1;22100;30,1946;130;528;184;0,232937032;0,275126334;0,232937032;0,275126334;230;1055;4,6;0,004347826;0,000947867;R;XP4;22165;230
20068;2;135;8;68;2;0;20;18,84;22,3;15,69;2;Qty;10;0,0837298;0;22000;28,9143;140;139;6;0,061571125;0,200764818;0,615711253;2,007648184;200;324;1,6;0,05;0,030864198;T;XP4;22068;150
20041;2;136;10;41;1;4;32;24,22;25,22;16,3;0;Qty;10;0,689592;2;21200;34,1433;140;201;184;0,32122213;0,485889571;3,212221305;4,858895706;50;324;6,5;0,2;0,030864198;N;XP4;21241;140
20030;2;138;5;30;0;0;20;18;18;18;1;Qty;1;0,173339;0;20000;16,61;140;271;0;0,111111111;0;0,111111111;0;201;148;0,7;0,004975124;0,006756757;B;XP4;20030;140
20066;2;139;8;66;2;3;32;23,48;23,48;14,81;0;Qty;9;0,784783;2;22200;32,1587;140;608;420;0,36286201;0,58541526;3,265758092;5,26873734;70;399;5,7;0,128571429;0,022556391;R;XP4;22266;230
20055;2;142;12;55;1;3;36;26,62;26,62;19,1;0;Qty;10;0,96887;2;21200;34,1433;140;201;184;0,352366642;0,393717277;3,523666416;3,937172775;50;324;6,5;0,2;0,030864198;R;XP4;21255;150
20041;2;142;5;41;0;1;36;25,44;25,44;18,83;0;Qty;7;0,9999;2;20200;32,0579;140;377;377;0,41509434;0,351035582;2,905660377;2,457249071;70;363;5,2;0,1;0,019283747;N;XP4;20241;140
20065;2;145;8;65;0;3;28;23,69;25;17,96;0;Qty;10;0,747939;2;20200;32,0579;150;377;377;0,181933305;0,319042316;1,819333052;3,190423163;70;363;5,2;0,142857143;0,027548209;R;XP4;20265;230
20059;2;146;8;59;0;3;28;23,69;25;17,96;0;Qty;10;0,747939;2;20200;32,0579;150;377;377;0,181933305;0,319042316;1,819333052;3,190423163;70;363;5,2;0,142857143;0,027548209;R;XP4;20259;280
20058;2;148;8;58;0;3;28;23,69;25;17,96;0;Qty;1;0,747939;2;20200;32,0579;150;377;377;0,181933305;0,319042316;0,181933305;0,319042316;70;363;5,2;0,014285714;0,002754821;R;XP4;20258;270
20068;2;148;20;68;1;0;20;16,26;16,26;16,24;2;Qty;10;0,0790749;0;21000;16,284;150;101;0;0,2300123;0,001231527;2,300123001;0,012315271;220;216;1;0,045454545;0,046296296;T;XP4;21068;150
20042;2;153;4;42;2;2;32;23,78;23,78;17,37;0;Qty;10;0,602588;1;22100;30,1946;150;528;184;0,345668629;0,369027058;3,456686291;3,690270581;230;1055;4,6;0,043478261;0,009478673;N;XP4;22142;160
20055;2;154;15;55;2;2;36;24,51;24,51;16,88;0;Qty;10;0,812922;2;22200;32,1587;150;608;420;0,46878825;0,452014218;4,687882497;4,52014218;70;399;5,7;0,142857143;0,025062657;R;XP4;22255;150
20042;2;159;9;42;0;2;32;24,81;24,81;17,57;0;Qty;10;0,779108;2;20200;32,0579;160;377;377;0,289802499;0,412066022;2,89802499;4,120660216;70;363;5,2;0,142857143;0,027548209;N;XP4;20242;160
20042;2;160;10;42;1;4;32;24,22;25,22;16,3;0;Qty;1;0,689592;2;21200;34,1433;160;201;184;0,32122213;0,485889571;0,32122213;0,485889571;50;324;6,5;0,02;0,00308642;N;XP4;21242;160
20042;2;163;16;42;1;4;32;24,56;24,56;14,99;0;Qty;6;0,77595;2;21200;34,1433;160;201;184;0,302931596;0,638425617;1,817589577;3,830553702;50;324;6,5;0,12;0,018518519;N;XP4;21242;160
20054;2;165;9;54;0;2;28;24,81;24,81;17,57;0;Qty;10;0,779108;2;20200;32,0579;170;377;377;0,128577187;0,412066022;1,285771866;4,120660216;70;363;5,2;0,142857143;0,027548209;R;XP4;20254;200
20069;2;166;15;69;2;0;24;21,97;21,97;15,03;2;Qty;10;0,210854;0;22000;28,9143;170;139;6;0,092398726;0,46174318;0,923987255;4,617431803;200;324;1,6;0,05;0,030864198;T;XP4;22069;210
20051;2;168;15;51;2;1;28;23,23;23,23;16,28;1;Qty;10;0,469647;1;22100;30,1946;170;528;184;0,205337925;0,426904177;2,053379251;4,269041769;230;1055;4,6;0,043478261;0,009478673;N;XP4;22151;180
20051;2;170;16;51;1;4;32;24,56;24,56;14,99;0;Qty;4;0,77595;2;21200;34,1433;170;201;184;0,302931596;0,638425617;1,211726384;2,553702468;50;324;6,5;0,08;0,012345679;N;XP4;21251;180
20051;2;172;17;51;1;5;32;25,58;25,58;20,36;1;Qty;6;0,627278;1;21100;30,8071;170;383;134;0,250977326;0,256385069;1,505863956;1,538310413;230;348;1,5;0,026086957;0,017241379;N;XP4;21151;180
20070;2;178;4;70;2;2;28;22,71;24;17,81;2;Qty;10;0,505387;1;22100;30,1946;180;528;184;0,232937032;0,275126334;2,329370321;2,751263335;230;1055;4,6;0,043478261;0,009478673;T;XP4;22170;180
20051;2;179;5;51;0;1;32;24,8;24,8;19,21;0;Qty;10;0,604366;1;20100;30,4067;180;389;112;0,290322581;0,290994274;2,903225806;2,909942738;230;281;1,2;0,043478261;0,035587189;N;XP4;20151;180
20036;2;182;5;36;2;0;28;22,93;22,93;15,67;1;Qty;10;0,43793;1;22100;30,1946;180;528;184;0,221107719;0,46330568;2,211077191;4,633056796;230;1055;4,6;0,043478261;0,009478673;B;XP4;22136;180
20026;2;185;4;26;2;0;24;22,71;22,71;16,51;2;Qty;10;0,203737;0;22000;28,9143;190;139;6;0,05680317;0,375529982;0,568031704;3,755299818;200;324;1,6;0,05;0,030864198;B;XP4;22026;200
20061;2;189;15;61;2;2;36;24,51;24,51;16,88;0;Qty;10;0,812922;2;22200;32,1587;190;608;420;0,46878825;0,452014218;4,687882497;4,52014218;70;399;5,7;0,142857143;0,025062657;R;XP4;22261;190
20033;2;193;15;33;2;0;24;21,97;21,97;15,03;2;Qty;10;0,210854;0;22000;28,9143;190;139;6;0,092398726;0,46174318;0,923987255;4,617431803;200;324;1,6;0,05;0,030864198;B;XP4;22033;200
20065;2;194;4;65;2;2;28;22,71;24;17,81;2;Qty;1;0,505387;1;22100;30,1946;190;528;184;0,232937032;0,275126334;0,232937032;0,275126334;230;1055;4,6;0,004347826;0,000947867;R;XP4;22165;230
20028;2;195;18;28;1;2;20;16,37;18,35;18,35;2;Qty;7;0,26667;0;21000;16,284;200;101;0;0,221747098;-0,107901907;1,552229688;-0,755313351;220;216;1;0,031818182;0,032407407;B;XP4;21028;200
20064;2;195;17;64;1;5;32;25,58;25,58;20,36;1;Qty;5;0,627278;1;21100;30,8071;200;383;134;0,250977326;0,256385069;1,25488663;1,281925344;230;348;1,5;0,02173913;0,014367816;R;XP4;21164;200
20054;2;195;20;54;2;3;32;23,54;23,54;16,9;0;Qty;10;0,602842;1;22100;30,1946;200;528;184;0,359388275;0,392899408;3,593882753;3,928994083;230;1055;4,6;0,043478261;0,009478673;R;XP4;22154;200
20033;2;195;5;33;0;0;20;18;18;18;1;Qty;10;0,173339;0;20000;16,61;200;271;0;0,111111111;0;1,111111111;0;201;148;0,7;0,049751244;0,067567568;B;XP4;20033;200
20022;2;197;20;22;1;0;20;16,26;16,26;16,24;2;Qty;2;0,0790749;0;21000;16,284;200;101;0;0,2300123;0,001231527;0,4600246;0,002463054;220;216;1;0,009090909;0,009259259;B;XP4;21022;240
20026;2;199;5;26;0;0;20;18;18;18;1;Qty;7;0,173339;0;20000;16,61;200;271;0;0,111111111;0;0,777777778;0;201;148;0,7;0,034825871;0,047297297;B;XP4;20026;200
20062;2;200;17;62;1;5;32;23,92;27,04;19,94;0;Qty;10;0,704634;2;21200;34,1433;200;201;184;0,337792642;0,199598796;3,377926421;1,995987964;50;324;6,5;0,2;0,030864198;R;XP4;21262;220
20022;2;200;15;22;2;0;24;21,97;21,97;15,03;2;Qty;9;0,210854;0;22000;28,9143;200;139;6;0,092398726;0,46174318;0,83158853;4,155688623;200;324;1,6;0,045;0,027777778;B;XP4;22022;240
20064;2;200;20;64;2;3;32;23,54;23,54;16,9;0;Qty;10;0,602842;1;22100;30,1946;200;528;184;0,359388275;0,392899408;3,593882753;3,928994083;230;1055;4,6;0,043478261;0,009478673;R;XP4;22164;200
20058;2;206;5;58;2;0;28;22,93;22,93;15,67;1;Qty;5;0,43793;1;22100;30,1946;210;528;184;0,221107719;0,46330568;1,105538596;2,316528398;230;1055;4,6;0,02173913;0,004739336;R;XP4;22158;270
20032;2;208;19;32;1;0;20;16,52;16,52;16,52;2;Qty;1;0,193788;0;21000;16,284;210;101;0;0,210653753;0;0,210653753;0;220;216;1;0,004545455;0,00462963;B;XP4;21032;240
20069;2;210;7;69;1;2;28;22,94;22,94;15,08;0;Qty;10;0,452689;1;21100;30,8071;210;383;134;0,220575414;0,521220159;2,205754141;5,212201592;230;348;1,5;0,043478261;0,028735632;T;XP4;21169;210
20065;2;212;9;65;0;2;28;24,81;24,81;17,57;0;Qty;5;0,779108;2;20200;32,0579;210;377;377;0,128577187;0,412066022;0,642885933;2,060330108;70;363;5,2;0,071428571;0,013774105;R;XP4;20265;230
20021;2;215;9;21;1;0;20;16,45;16,45;16,45;2;Qty;10;0,118431;0;21000;16,284;220;101;0;0,215805471;0;2,158054711;0;220;216;1;0,045454545;0,046296296;B;XP4;21021;220
20062;2;219;5;62;2;1;36;25,51;25,51;18,88;0;Qty;10;0,857434;2;22200;32,1587;220;608;420;0,41121129;0,351165254;4,112112897;3,511652542;70;399;5,7;0,142857143;0,025062657;R;XP4;22262;220
20066;2;220;17;66;1;5;32;25,58;27,04;19,94;0;Qty;10;0,704634;2;21200;34,1433;220;201;184;0,250977326;0,282848546;2,50977326;2,828485456;50;324;6,5;0,2;0,030864198;R;XP4;21266;230
20066;2;227;20;66;2;3;32;23,54;23,54;16,9;0;Qty;1;0,602842;1;22100;30,1946;230;528;184;0,359388275;0,392899408;0,359388275;0,392899408;230;1055;4,6;0,004347826;0,000947867;R;XP4;22166;230
20065;2;229;17;65;1;5;32;25,58;27,04;19,94;0;Qty;3;0,704634;2;21200;34,1433;230;201;184;0,250977326;0,282848546;0,752931978;0,848545637;50;324;6,5;0,06;0,009259259;R;XP4;21265;230
20029;2;230;9;29;1;0;20;16,45;16,45;16,45;2;Qty;10;0,118431;0;21000;16,284;230;101;0;0,215805471;0;2,158054711;0;220;216;1;0,045454545;0,046296296;B;XP4;21029;230
20032;2;234;15;32;1;0;20;17,12;17,12;17,12;2;Qty;6;0,108688;0;21000;16,284;230;101;0;0,168224299;0;1,009345794;0;220;216;1;0,027272727;0,027777778;B;XP4;21032;240
20032;2;240;11;32;0;1;24;22,39;26,38;18,03;1;Qty;10;0,296963;0;20000;16,61;240;271;0;0,071907101;0,24181919;0,719071014;2,418191902;201;148;0,7;0,049751244;0,067567568;B;XP4;20032;240
20022;2;242;4;22;2;0;24;22,71;22,71;16,51;2;Qty;1;0,203737;0;22000;28,9143;240;139;6;0,05680317;0,375529982;0,05680317;0,375529982;200;324;1,6;0,005;0,00308642;B;XP4;22022;240
20032;2;244;18;32;1;3;20;18,35;30,6;15,71;1;Qty;3;0,315008;0;21000;16,284;240;101;0;0,089918256;0,168045831;0,269754768;0,504137492;220;216;1;0,013636364;0,013888889;B;XP4;21032;240
20059;2;259;5;59;2;0;28;22,93;24,58;18,98;2;Qty;10;0,499499;1;22100;30,1946;260;528;184;0,221107719;0,208113804;2,211077191;2,08113804;230;1055;4,6;0,043478261;0,009478673;R;XP4;22159;280
20058;2;272;8;58;2;2;28;22,7;23,25;16,31;0;Qty;5;0,493301;1;22100;30,1946;270;528;184;0,233480176;0,391784181;1,167400881;1,958920907;230;1055;4,6;0,02173913;0,004739336;R;XP4;22158;270
20024;2;274;9;24;1;0;20;16,45;16,45;16,45;2;Qty;10;0,118431;0;21000;16,284;270;101;0;0,215805471;0;2,158054711;0;220;216;1;0,045454545;0,046296296;B;XP4;21024;270
20059;2;284;14;59;1;4;32;26,01;26,01;17,88;0;Qty;7;0,779546;2;21200;34,1433;280;201;184;0,23029604;0,454697987;1,61207228;3,182885906;50;324;6,5;0,14;0,021604938;R;XP4;21259;280
30057;3;3;4;57;2;3;36;33,34;24,21;15,42;0;Qty;10;0,806633;2;32200;25,7225;0;399;346;0,079784043;1,162127108;0,797840432;11,62127108;70;441;6,3;0,142857143;0,022675737;R;XP4;32257;100
30023;3;15;19;23;0;0;20;18,84;19,53;16,17;1;Qty;10;0,322423;0;30000;22,904;20;148;0;0,061571125;0,165120594;0,615711253;1,651205937;200;194;1;0,05;0,051546392;B;XP4;30023;170
30053;3;17;15;53;2;1;32;21,78;22,01;16,88;1;Qty;10;0,612922;1;32100;24,2976;20;1055;265;0,469237833;0,29028436;4,692378329;2,902843602;230;850;3,7;0,043478261;0,011764706;N;XP4;32153;90
30063;3;17;3;63;0;1;28;24,04;23,56;16,41;0;Qty;10;0,462415;1;30100;25,652;20;281;158;0,164725458;0,46496039;1,647254576;4,6496039;230;313;1,4;0,043478261;0,031948882;R;XP4;30163;40
30063;3;22;5;63;2;1;28;22,93;22,43;16,51;1;Qty;5;0,531133;1;32100;24,2976;20;1055;265;0,221107719;0,388855239;1,105538596;1,944276196;230;850;3,7;0,02173913;0,005882353;R;XP4;32163;40
30057;3;24;7;57;1;2;24;16;34,78;20,5;2;Qty;10;0,466567;1;31100;24,9326;20;348;111;0,5;-0,219512195;5;-2,195121951;230;308;1,3;0,043478261;0,032467532;R;XP4;31157;100
30065;3;25;4;65;2;1;28;22,71;24,05;17,37;1;Qty;2;0,402588;1;32100;24,2976;30;1055;265;0,232937032;0,307426598;0,465874064;0,614853195;230;850;3,7;0,008695652;0,002352941;R;XP4;32165;110
30048;3;25;19;48;0;1;32;21,44;21,56;14,47;0;Qty;10;0,77618;2;30200;28,6605;30;363;363;0,492537313;0,481686247;4,925373134;4,816862474;70;368;5,3;0,142857143;0,027173913;N;XP4;30248;30
30048;3;27;20;48;2;4;36;20,54;20,75;15,78;0;Qty;10;0,8565;2;32200;25,7225;30;399;346;0,752677702;0,301647655;7,52677702;3,016476553;70;441;6,3;0,142857143;0,022675737;N;XP4;32248;30
30037;3;28;16;37;1;3;24;20,82;20,82;16,71;0;Qty;10;0,654547;1;31100;24,9326;30;348;111;0,152737752;0,245960503;1,527377522;2,459605027;230;308;1,3;0,043478261;0,032467532;B;XP4;31137;60
30063;3;32;3;63;1;2;32;22,28;22,28;17,11;0;Qty;10;0,712308;2;31200;27,4682;30;324;253;0,436265709;0,302162478;4,362657092;3,021624781;49;354;7,2;0,204081633;0,028248588;R;XP4;31263;40
30047;3;32;6;47;2;2;32;30,16;32,22;18,2;0;Qty;10;0,878762;2;32200;25,7225;30;399;346;0,061007958;0,657142857;0,610079576;6,571428571;70;441;6,3;0,142857143;0,022675737;N;XP4;32247;40
30052;3;32;19;52;0;1;32;21,56;21,56;14,47;0;Qty;7;0,77618;2;30200;28,6605;30;363;363;0,484230056;0,489979267;3,38961039;3,429854872;70;368;5,3;0,1;0,019021739;N;XP4;30252;40
30056;3;33;4;56;2;3;36;33,34;24,21;15,42;0;Qty;6;0,806633;2;32200;25,7225;30;399;346;0,079784043;1,162127108;0,478704259;6,972762646;70;441;6,3;0,085714286;0,013605442;R;XP4;32256;160
30048;3;33;19;48;1;1;32;30,46;32,04;18,34;0;Qty;10;0,605806;1;31100;24,9326;30;348;111;0,050558109;0,6608506;0,50558109;6,608505998;230;308;1,3;0,043478261;0,032467532;N;XP4;31148;30
30052;3;35;7;52;1;4;36;22,3;22,3;17,15;0;Qty;10;0,975166;2;31200;27,4682;40;324;253;0,614349776;0,300291545;6,143497758;3,002915452;49;354;7,2;0,204081633;0,028248588;N;XP4;31252;40
30047;3;35;19;47;0;1;32;21,34;24;19,35;0;Qty;10;0,9999;2;30200;28,6605;40;363;363;0,499531396;0,102842377;4,995313964;1,028423773;70;368;5,3;0,142857143;0,027173913;N;XP4;30247;40
30039;3;35;8;39;2;0;20;18,84;19,71;16,65;3;Qty;10;0,142538;0;32000;22,7873;40;324;0;0,061571125;0,131531532;0,615711253;1,315315315;200;650;3,3;0,05;0,015384615;B;XP4;32039;100
30046;3;35;5;46;2;1;32;22,2;22,43;16,51;0;Qty;10;0,615302;1;32100;24,2976;40;1055;265;0,441441441;0,344639612;4,414414414;3,446396124;230;850;3,7;0,043478261;0,011764706;N;XP4;32146;60
30052;3;37;17;52;0;5;32;21,76;21,76;17,87;0;Qty;3;0,646847;1;30100;25,652;40;281;158;0,470588235;0,217683268;1,411764706;0,653049804;230;313;1,4;0,013043478;0,009584665;N;XP4;30152;40
30063;3;37;5;63;2;1;28;22,93;23,37;18,03;2;Qty;5;0,548678;1;32100;24,2976;40;1055;265;0,221107719;0,271769273;1,105538596;1,358846367;230;850;3,7;0,02173913;0,005882353;R;XP4;32163;40
30062;3;38;5;62;2;1;36;25,51;24,6;18,86;0;Qty;10;0,838308;2;32200;25,7225;40;399;346;0,41121129;0,352598091;4,112112897;3,525980912;70;441;6,3;0,142857143;0,022675737;R;XP4;32262;140
30052;3;40;7;52;2;3;32;21,33;21,33;16,94;0;Qty;7;0,685193;2;32200;25,7225;40;399;346;0,500234412;0,259149941;3,501640881;1,814049587;70;441;6,3;0,1;0,015873016;N;XP4;32252;40
30052;3;42;15;52;2;1;32;21,54;22,01;16,88;1;Qty;1;0,612922;1;32100;24,2976;40;1055;265;0,485608171;0,276066351;0,485608171;0,276066351;230;850;3,7;0,004347826;0,001176471;N;XP4;32152;40
30037;3;44;20;37;2;0;20;18,88;20,41;18,04;3;Qty;10;0,0298869;0;32000;22,7873;40;324;0;0,059322034;0,046563193;0,593220339;0,465631929;200;650;3,3;0,05;0,015384615;B;XP4;32037;60
30040;3;44;8;40;2;1;24;19,34;19,54;16,31;1;Qty;10;0,293301;0;32000;22,7873;40;324;0;0,240951396;0,185775598;2,409513961;1,857755978;200;650;3,3;0,05;0,015384615;B;XP4;32040;80
30027;3;45;19;27;1;0;20;18,05;20,18;16,76;2;Qty;10;0,0993298;0;31000;21,0208;50;216;0;0,108033241;0,076968974;1,08033241;0,769689737;220;143;0,7;0,045454545;0,06993007;B;XP4;31027;170
30030;3;47;16;30;1;3;24;20,62;20,82;16,71;0;Qty;10;0,654547;1;31100;24,9326;50;348;111;0,163918526;0,233991622;1,639185257;2,339916218;230;308;1,3;0,043478261;0,032467532;B;XP4;31130;90
30025;3;54;7;25;1;0;20;18,18;18,37;15,72;2;Qty;3;0,0220803;0;31000;21,0208;50;216;0;0,100110011;0,15648855;0,300330033;0,469465649;220;143;0,7;0,013636364;0,020979021;B;XP4;31025;150
30066;3;55;3;66;1;2;32;22,22;22,28;17,11;0;Qty;8;0,712308;2;31200;27,4682;60;324;253;0,440144014;0,298655757;3,521152115;2,389246055;49;354;7,2;0,163265306;0,02259887;R;XP4;31266;100
30037;3;58;13;37;0;0;24;20,34;21,41;17,18;1;Qty;10;0,465642;1;30100;25,652;60;281;158;0,179941003;0,183934808;1,799410029;1,839348079;230;313;1,4;0,043478261;0,031948882;B;XP4;30137;60
30045;3;58;16;45;1;3;32;20,81;20,82;16,71;0;Qty;1;0,654547;1;31100;24,9326;60;348;111;0,537722249;0,245362059;0,537722249;0,245362059;230;308;1,3;0,004347826;0,003246753;N;XP4;31145;180
30039;3;59;19;39;0;0;20;18,52;19,53;16,17;1;Qty;9;0,322423;0;30000;22,904;60;148;0;0,079913607;0,14533086;0,719222462;1,307977737;200;194;1;0,045;0,046391753;B;XP4;30039;100
30024;3;59;18;24;1;0;20;18,36;18,36;15,71;2;Qty;10;0,0483413;0;31000;21,0208;60;216;0;0,089324619;0,168682368;0,893246187;1,686823679;220;143;0,7;0,045454545;0,06993007;B;XP4;31024;200
30058;3;61;8;58;2;2;28;22,7;21,7;16,97;0;Qty;10;0,566081;1;32100;24,2976;60;1055;265;0,233480176;0,337654685;2,334801762;3,376546847;230;850;3,7;0,043478261;0,011764706;R;XP4;32158;260
30042;3;61;13;42;0;1;32;22,8;22,8;16,95;0;Qty;10;0,688806;2;30200;28,6605;60;363;363;0,403508772;0,345132743;4,035087719;3,451327434;70;368;5,3;0,142857143;0,027173913;N;XP4;30242;170
30059;3;61;5;59;2;1;28;22,93;23,37;18,03;2;Qty;10;0,548678;1;32100;24,2976;60;1055;265;0,221107719;0,271769273;2,211077191;2,717692734;230;850;3,7;0,043478261;0,011764706;R;XP4;32159;280
30046;3;63;18;46;1;6;32;30,16;30,72;15,47;0;Qty;10;0,672373;2;31200;27,4682;60;324;253;0,061007958;0,949579832;0,610079576;9,495798319;49;354;7,2;0,204081633;0,028248588;N;XP4;31246;60
30027;3;65;7;27;2;0;20;18,78;20,51;18,25;3;Qty;7;0,120757;0;32000;22,7873;70;324;0;0,064962726;0,029041096;0,454739084;0,203287671;200;650;3,3;0,035;0,010769231;B;XP4;32027;170
30064;3;68;11;64;0;3;32;30,21;20,14;14,63;0;Qty;10;0,607073;1;30100;25,652;70;281;158;0,059251903;1,064935065;0,592519033;10,64935065;230;313;1,4;0,043478261;0,031948882;R;XP4;30164;180
30049;3;70;2;49;2;4;36;26,45;26,45;18,4;0;Qty;10;0,87663;2;32200;25,7225;70;399;346;0,361058601;0,4375;3,610586011;4,375;70;441;6,3;0,142857143;0,022675737;N;XP4;32249;80
30054;3;71;20;54;2;3;32;23,54;31,73;15,42;0;Qty;10;0,6798;2;32200;25,7225;70;399;346;0,359388275;0,526588846;3,593882753;5,265888457;70;441;6,3;0,142857143;0,022675737;R;XP4;32254;150
30035;3;72;3;35;0;0;20;18,66;18,75;14,61;1;Qty;10;0,126061;0;30000;22,904;70;148;0;0,071811361;0,277207392;0,718113612;2,772073922;200;194;1;0,05;0,051546392;B;XP4;30035;140
30029;3;72;10;29;1;0;20;17,99;18,01;15,01;2;Qty;4;0,0383825;0;31000;21,0208;70;216;0;0,111728738;0,19853431;0,446914953;0,794137242;220;143;0,7;0,018181818;0,027972028;B;XP4;31029;170
30030;3;72;8;30;2;1;24;19,54;19,54;16,31;1;Qty;10;0,293301;0;32000;22,7873;70;324;0;0,228249744;0,198038013;2,282497441;1,980380135;200;650;3,3;0,05;0,015384615;B;XP4;32030;90
30023;3;72;19;23;2;0;20;18,46;20;17,22;3;Qty;8;0,0447777;0;32000;22,7873;70;324;0;0,083423619;0,072009292;0,667388949;0,576074332;200;650;3,3;0,04;0,012307692;B;XP4;32023;170
30024;3;73;13;24;0;0;24;21,19;21,41;17,18;1;Qty;9;0,465642;1;30100;25,652;70;281;158;0,132609722;0,233410943;1,193487494;2,100698487;230;313;1,4;0,039130435;0,028753994;B;XP4;30124;200
30055;3;74;12;55;1;3;36;26,62;31,58;21,1;0;Qty;10;0,923176;2;31200;27,4682;70;324;253;0,352366642;0,261611374;3,523666416;2,616113744;49;354;7,2;0,204081633;0,028248588;R;XP4;31255;170
30049;3;74;18;49;1;6;32;30,16;30,72;15,47;0;Qty;4;0,672373;2;31200;27,4682;70;324;253;0,061007958;0,949579832;0,24403183;3,798319328;49;354;7,2;0,081632653;0,011299435;N;XP4;31249;80
30044;3;77;2;44;2;3;32;25,61;25,87;20,68;1;Qty;10;0,641147;1;32100;24,2976;80;1055;265;0,249511909;0,238394584;2,495119094;2,383945841;230;850;3,7;0,043478261;0,011764706;N;XP4;32144;80
30044;3;77;2;44;1;3;32;29,6;29,6;18,45;0;Qty;10;0,684203;2;31200;27,4682;80;324;253;0,081081081;0,604336043;0,810810811;6,043360434;49;354;7,2;0,204081633;0,028248588;N;XP4;31244;80
30049;3;77;13;49;0;1;32;22,57;22,8;16,95;0;Qty;10;0,688806;2;30200;28,6605;80;363;363;0,417811254;0,331563422;4,178112539;3,315634218;70;368;5,3;0,142857143;0,027173913;N;XP4;30249;80
30040;3;78;3;40;0;0;20;18,68;18,75;14,61;1;Qty;10;0,126061;0;30000;22,904;80;148;0;0,070663812;0,278576318;0,706638116;2,785763176;200;194;1;0,05;0,051546392;B;XP4;30040;80
30053;3;78;11;53;0;3;32;20,14;20,14;14,63;0;Qty;5;0,607073;1;30100;25,652;80;281;158;0,588877855;0,376623377;2,944389275;1,883116883;230;313;1,4;0,02173913;0,015974441;N;XP4;30153;90
30043;3;78;10;43;2;4;32;20,66;20,66;17,04;0;Qty;10;0,626326;1;32100;24,2976;80;1055;265;0,548886738;0,212441315;5,488867377;2,124413146;230;850;3,7;0,043478261;0,011764706;N;XP4;32143;90
30044;3;80;11;44;0;4;32;20,14;23,61;18,56;0;Qty;10;0,695332;2;30200;28,6605;80;363;363;0,588877855;0,08512931;5,88877855;0,851293103;70;368;5,3;0,142857143;0,027173913;N;XP4;30244;80
30053;3;82;17;53;0;5;32;21,76;21,76;17,87;0;Qty;5;0,646847;1;30100;25,652;80;281;158;0,470588235;0,217683268;2,352941176;1,08841634;230;313;1,4;0,02173913;0,015974441;N;XP4;30153;90
30023;3;82;4;23;2;0;20;18,67;19,64;16,51;3;Qty;2;0,00373745;0;32000;22,7873;80;324;0;0,071237279;0,1308298;0,142474558;0,2616596;200;650;3,3;0,01;0,003076923;B;XP4;32023;170
30043;3;84;12;43;1;2;32;23,28;23,28;19,1;1;Qty;10;0,702204;2;31200;27,4682;80;324;253;0,374570447;0,218848168;3,745704467;2,188481675;49;354;7,2;0,204081633;0,028248588;N;XP4;31243;90
30065;3;84;2;65;0;2;28;20,46;20,46;15,28;0;Qty;10;0,45672;1;30100;25,652;80;281;158;0,368523949;0,339005236;3,685239492;3,390052356;230;313;1,4;0,043478261;0,031948882;R;XP4;30165;110
30050;3;85;13;50;0;1;32;21,77;23,93;19,2;0;Qty;10;0,782999;2;30200;28,6605;90;363;363;0,469912724;0,133854167;4,699127239;1,338541667;70;368;5,3;0,142857143;0,027173913;N;XP4;30250;140
30057;3;85;11;57;0;4;32;20,14;23,61;18,56;0;Qty;1;0,695332;2;30200;28,6605;90;363;363;0,588877855;0,08512931;0,588877855;0,08512931;70;368;5,3;0,014285714;0,002717391;R;XP4;30257;100
30043;3;86;11;43;0;4;32;20,14;23,57;18,48;0;Qty;10;0,716567;2;30200;28,6605;90;363;363;0,588877855;0,08982684;5,88877855;0,898268398;70;368;5,3;0,142857143;0,027173913;N;XP4;30243;90
30021;3;86;12;21;1;1;20;19,04;19,04;17,06;2;Qty;10;0,295712;0;31000;21,0208;90;216;0;0,050420168;0,116060961;0,504201681;1,160609613;220;143;0,7;0,045454545;0,06993007;B;XP4;31021;190
30053;3;88;7;53;1;4;36;22,3;22,3;17,15;0;Qty;10;0,975166;2;31200;27,4682;90;324;253;0,614349776;0,300291545;6,143497758;3,002915452;49;354;7,2;0,204081633;0,028248588;N;XP4;31253;90
30030;3;88;6;30;0;0;20;18,84;21,45;15,95;1;Qty;2;0,0648127;0;30000;22,904;90;148;0;0,061571125;0,181191223;0,123142251;0,362382445;200;194;1;0,01;0,010309278;B;XP4;30030;90
30023;3;89;7;23;1;0;20;17,63;18,05;15,08;1;Qty;6;0,186022;0;31000;21,0208;90;216;0;0,134429949;0,169098143;0,806579694;1,014588859;220;143;0,7;0,027272727;0,041958042;B;XP4;31023;170
30066;3;97;17;66;0;5;32;21,54;21,76;17,87;0;Qty;10;0,646847;1;30100;25,652;100;281;158;0,485608171;0,205372132;4,856081708;2,053721321;230;313;1,4;0,043478261;0,031948882;R;XP4;30166;100
30057;3;97;17;57;0;5;32;21,76;21,76;17,87;0;Qty;9;0,646847;1;30100;25,652;100;281;158;0,470588235;0,217683268;4,235294118;1,959149412;230;313;1,4;0,039130435;0,028753994;R;XP4;30157;100
30051;3;99;14;51;2;2;28;21,25;21,25;18,21;2;Qty;10;0,407503;1;32100;24,2976;100;1055;265;0,317647059;0,166941241;3,176470588;1,669412411;230;850;3,7;0,043478261;0,011764706;N;XP4;32151;180
30039;3;99;3;39;0;0;20;18,58;18,75;14,61;1;Qty;1;0,126061;0;30000;22,904;100;148;0;0,076426265;0,271731691;0,076426265;0,271731691;200;194;1;0,005;0,005154639;B;XP4;30039;100
30060;3;100;11;60;0;4;28;20,14;23,57;18,48;0;Qty;10;0,716567;2;30200;28,6605;100;363;363;0,390268123;0,08982684;3,902681231;0,898268398;70;368;5,3;0,142857143;0,027173913;R;XP4;30260;160
30038;3;101;8;38;2;2;28;21,48;21,7;16,97;0;Qty;10;0,566081;1;32100;24,2976;100;1055;265;0,303538175;0,265763111;3,03538175;2,657631114;230;850;3,7;0,043478261;0,011764706;B;XP4;32138;210
30068;3;104;8;68;2;0;20;18,84;19,71;16,65;3;Qty;10;0,142538;0;32000;22,7873;100;324;0;0,061571125;0,131531532;0,615711253;1,315315315;200;650;3,3;0,05;0,015384615;T;XP4;32068;140
30025;3;105;11;25;0;1;20;18,66;18,66;14,43;1;Qty;10;0,185744;0;30000;22,904;110;148;0;0,071811361;0,293139293;0,718113612;2,931392931;200;194;1;0,05;0,051546392;B;XP4;30025;150
30028;3;107;8;28;2;0;20;18,84;19,71;16,65;3;Qty;2;0,142538;0;32000;22,7873;110;324;0;0,061571125;0,131531532;0,123142251;0,263063063;200;650;3,3;0,01;0,003076923;B;XP4;32028;210
30065;3;113;12;65;1;2;32;23,28;23,28;19,1;1;Qty;6;0,702204;2;31200;27,4682;110;324;253;0,374570447;0,218848168;2,24742268;1,313089005;49;354;7,2;0,12244898;0,016949153;R;XP4;31265;110
30061;3;114;11;61;0;4;32;30,21;23,57;18,48;0;Qty;7;0,716567;2;30200;28,6605;110;363;363;0,059251903;0,63474026;0,414763323;4,443181818;70;368;5,3;0,1;0,019021739;R;XP4;30261;220
30041;3;114;10;41;2;2;28;20,71;20,71;17,14;1;Qty;10;0,409527;1;32100;24,2976;110;1055;265;0,352003863;0,208284714;3,520038629;2,082847141;230;850;3,7;0,043478261;0,011764706;N;XP4;32141;110
30054;3;118;12;54;1;3;36;31,15;31,58;21,1;0;Qty;10;0,923176;2;31200;27,4682;120;324;253;0,155698234;0,476303318;1,556982343;4,763033175;49;354;7,2;0,204081633;0,028248588;R;XP4;31254;150
30029;3;120;8;29;2;1;24;19,14;19,93;17,09;2;Qty;10;0,30755;0;32000;22,7873;120;324;0;0,253918495;0,119953189;2,539184953;1,19953189;200;650;3,3;0,05;0,015384615;B;XP4;32029;170
30068;3;125;13;68;0;1;36;23,08;23,08;17,51;0;Qty;10;0,9999;2;30200;28,6605;130;363;363;0,559792028;0,318103941;5,597920277;3,181039406;70;368;5,3;0,142857143;0,027173913;T;XP4;30268;140
30060;3;125;20;60;2;2;28;20,59;20,59;16,9;1;Qty;4;0,402842;1;32100;24,2976;130;1055;265;0,359883439;0,218343195;1,439533754;0,873372781;230;850;3,7;0,017391304;0,004705882;R;XP4;32160;160
30050;3;129;10;50;2;4;32;20,66;20,66;17,04;0;Qty;10;0,626326;1;32100;24,2976;130;1055;265;0,548886738;0,212441315;5,488867377;2,124413146;230;850;3,7;0,043478261;0,011764706;N;XP4;32150;140
30042;3;129;10;42;2;4;32;20,51;20,66;17,04;0;Qty;8;0,626326;1;32100;24,2976;130;1055;265;0,560214529;0,203638498;4,481716236;1,629107981;230;850;3,7;0,034782609;0,009411765;N;XP4;32142;170
30058;3;131;1;58;0;3;28;21,07;21,07;16,49;0;Qty;10;0,544937;1;30100;25,652;130;281;158;0,328903654;0,277744087;3,289036545;2,777440873;230;313;1,4;0,043478261;0,031948882;R;XP4;30158;260
30050;3;135;2;50;1;2;28;21,83;21,83;18,73;1;Qty;9;0,489665;1;31100;24,9326;140;348;111;0,282638571;0,165509877;2,543747137;1,489588895;230;308;1,3;0,039130435;0,029220779;N;XP4;31150;140
30069;3;137;7;69;2;1;24;19,6;19,8;16,83;2;Qty;10;0,29517;0;32000;22,7873;140;324;0;0,224489796;0,164587047;2,244897959;1,645870469;200;650;3,3;0,05;0,015384615;T;XP4;32069;190
30045;3;138;10;45;2;4;32;20,45;20,72;17,15;0;Qty;10;0,645071;1;32100;24,2976;140;1055;265;0,564792176;0,192419825;5,64792176;1,924198251;230;850;3,7;0,043478261;0,011764706;N;XP4;32145;180
30025;3;139;12;25;1;1;20;19,04;19,04;17,06;2;Qty;7;0,295712;0;31000;21,0208;140;216;0;0,050420168;0,116060961;0,352941176;0,812426729;220;143;0,7;0,031818182;0,048951049;B;XP4;31025;150
30068;3;140;16;68;1;0;20;18,94;18,94;16,86;2;Qty;10;0,0579899;0;31000;21,0208;140;216;0;0,055966209;0,123368921;0,559662091;1,233689205;220;143;0,7;0,045454545;0,06993007;T;XP4;31068;140
30035;3;142;3;35;1;1;24;20,81;20,91;16,89;1;Qty;10;0,337196;1;31100;24,9326;140;348;111;0,153291687;0,232089994;1,532916867;2,320899941;230;308;1,3;0,043478261;0,032467532;B;XP4;31135;140
30062;3;142;12;62;1;2;32;23,28;23,35;19,25;1;Qty;10;0,733233;2;31200;27,4682;140;324;253;0,374570447;0,209350649;3,745704467;2,093506494;49;354;7,2;0,204081633;0,028248588;R;XP4;31262;140
30050;3;142;18;50;1;7;28;22,51;22,51;17,57;0;Qty;1;0,788419;2;31200;27,4682;140;324;253;0,243891604;0,28116107;0,243891604;0,28116107;49;354;7,2;0,020408163;0,002824859;N;XP4;31250;140
30062;3;144;13;62;0;1;36;23,08;23,08;17,51;0;Qty;10;0,9999;2;30200;28,6605;140;363;363;0,559792028;0,318103941;5,597920277;3,181039406;70;368;5,3;0,142857143;0,027173913;R;XP4;30262;140
30056;3;146;13;56;0;1;36;23,08;23,08;17,51;0;Qty;4;0,9999;2;30200;28,6605;150;363;363;0,559792028;0,318103941;2,239168111;1,272415762;70;368;5,3;0,057142857;0,010869565;R;XP4;30256;160
30025;3;147;15;25;2;0;20;18,41;20,38;17,98;3;Qty;10;0,107358;0;32000;22,7873;150;324;0;0,086366105;0,023915462;0,863661054;0,239154616;200;650;3,3;0,05;0,015384615;B;XP4;32025;150
30054;3;149;2;54;0;2;28;20,46;20,46;15,28;0;Qty;1;0,45672;1;30100;25,652;150;281;158;0,368523949;0,339005236;0,368523949;0,339005236;230;313;1,4;0,004347826;0,003194888;R;XP4;30154;150
30070;3;155;6;70;2;1;28;19,46;19,46;14,64;0;Qty;4;0,475955;1;32100;24,2976;160;1055;265;0,438848921;0,329234973;1,755395683;1,316939891;230;850;3,7;0,017391304;0,004705882;T;XP4;32170;190
30051;3;155;17;51;0;5;32;21,54;21,76;17,87;0;Qty;9;0,646847;1;30100;25,652;160;281;158;0,485608171;0,205372132;4,370473538;1,848349189;230;313;1,4;0,039130435;0,028753994;N;XP4;30151;180
30034;3;155;11;34;0;1;20;18,66;18,66;14,43;1;Qty;5;0,185744;0;30000;22,904;160;148;0;0,071811361;0,293139293;0,359056806;1,465696466;200;194;1;0,025;0,025773196;B;XP4;30034;160
30056;3;157;18;56;1;7;32;22,51;22,51;17,57;0;Qty;10;0,788419;2;31200;27,4682;160;324;253;0,421590404;0,28116107;4,215904043;2,8116107;49;354;7,2;0,204081633;0,028248588;R;XP4;31256;160
30036;3;157;6;36;2;1;28;19,46;20,89;17,5;0;Qty;10;0,588679;1;32100;24,2976;160;1055;265;0,438848921;0,112;4,388489209;1,12;230;850;3,7;0,043478261;0,011764706;B;XP4;32136;180
30028;3;157;1;28;0;4;28;21,07;34,03;17,8;0;Qty;10;0,77733;2;30200;28,6605;160;363;363;0,328903654;0,183707865;3,289036545;1,837078652;70;368;5,3;0,142857143;0,027173913;B;XP4;30228;210
30060;3;159;12;60;1;3;36;31,58;31,58;21,1;0;Qty;2;0,923176;2;31200;27,4682;160;324;253;0,139962001;0,496682464;0,279924003;0,993364929;49;354;7,2;0,040816327;0,005649718;R;XP4;31260;160
30042;3;160;18;42;1;7;32;22,51;22,51;17,57;0;Qty;10;0,788419;2;31200;27,4682;160;324;253;0,421590404;0,28116107;4,215904043;2,8116107;49;354;7,2;0,204081633;0,028248588;N;XP4;31242;170
30031;3;161;11;31;0;2;20;18,66;21,68;17,71;1;Qty;10;0,361944;1;30100;25,652;160;281;158;0,071811361;0,05364201;0,718113612;0,536420102;230;313;1,4;0,043478261;0,031948882;B;XP4;30131;190
30056;3;161;20;56;2;4;36;20,75;20,75;15,78;0;Qty;4;0,8565;2;32200;25,7225;160;399;346;0,734939759;0,31495564;2,939759036;1,25982256;70;441;6,3;0,057142857;0,009070295;R;XP4;32256;160
30027;3;162;11;27;0;2;20;18,66;21,68;17,71;1;Qty;10;0,361944;1;30100;25,652;160;281;158;0,071811361;0,05364201;0,718113612;0,536420102;230;313;1,4;0,043478261;0,031948882;B;XP4;30127;170
30036;3;165;11;36;0;2;20;18,66;21,68;17,71;1;Qty;10;0,361944;1;30100;25,652;170;281;158;0,071811361;0,05364201;0,718113612;0,536420102;230;313;1,4;0,043478261;0,031948882;B;XP4;30136;180
30029;3;167;9;29;1;0;20;18,18;20,59;17,51;2;Qty;6;0,188799;0;31000;21,0208;170;216;0;0,100110011;0,038263849;0,600660066;0,229583095;220;143;0,7;0,027272727;0,041958042;B;XP4;31029;170
30045;3;167;18;45;1;7;32;22,51;22,51;17,57;0;Qty;4;0,788419;2;31200;27,4682;170;324;253;0,421590404;0,28116107;1,686361617;1,12464428;49;354;7,2;0,081632653;0,011299435;N;XP4;31245;180
30023;3;168;16;23;1;0;20;18,94;18,94;16,86;2;Qty;4;0,0579899;0;31000;21,0208;170;216;0;0,055966209;0,123368921;0,223864836;0,493475682;220;143;0,7;0,018181818;0,027972028;B;XP4;31023;170
30042;3;169;5;42;2;1;32;22,43;22,43;16,51;0;Qty;2;0,615302;1;32100;24,2976;170;1055;265;0,426660722;0,358570563;0,853321444;0,717141127;230;850;3,7;0,008695652;0,002352941;N;XP4;32142;170
30027;3;169;7;27;2;1;20;18,71;19,8;16,83;2;Qty;3;0,29517;0;32000;22,7873;170;324;0;0,068947087;0,111705288;0,206841261;0,335115865;200;650;3,3;0,015;0,004615385;B;XP4;32027;170
30051;3;169;14;51;0;4;32;21,96;22,22;15,78;0;Qty;1;0,746454;2;30200;28,6605;170;363;363;0,4571949;0,391634981;0,4571949;0,391634981;70;368;5,3;0,014285714;0,002717391;N;XP4;30251;180
30036;3;172;16;36;1;0;20;18,94;18,94;16,86;2;Qty;5;0,0579899;0;31000;21,0208;170;216;0;0,055966209;0,123368921;0,279831045;0,616844603;220;143;0,7;0,022727273;0,034965035;B;XP4;31036;180
30069;3;172;11;69;0;2;20;18,66;21,68;17,71;1;Qty;1;0,361944;1;30100;25,652;170;281;158;0,071811361;0,05364201;0,071811361;0,05364201;230;313;1,4;0,004347826;0,003194888;T;XP4;30169;190
30061;3;172;12;61;1;1;24;19,04;19,04;17,06;2;Qty;9;0,295712;0;31000;21,0208;170;216;0;0,260504202;0,116060961;2,344537815;1,044548652;220;143;0,7;0,040909091;0,062937063;R;XP4;31061;220
30055;3;174;20;55;2;4;36;20,75;20,75;15,78;0;Qty;4;0,8565;2;32200;25,7225;170;399;346;0,734939759;0,31495564;2,939759036;1,25982256;70;441;6,3;0,057142857;0,009070295;R;XP4;32255;170
30031;3;175;7;31;2;1;24;19,8;19,8;16,83;2;Qty;2;0,29517;0;32000;22,7873;180;324;0;0,212121212;0,176470588;0,424242424;0,352941176;200;650;3,3;0,01;0,003076923;B;XP4;32031;190
30045;3;175;12;45;1;2;32;23,35;23,35;19,25;1;Qty;2;0,733233;2;31200;27,4682;180;324;253;0,370449679;0,212987013;0,740899358;0,425974026;49;354;7,2;0,040816327;0,005649718;N;XP4;31245;180
30064;3;177;10;64;2;4;32;20,66;20,72;17,15;0;Qty;10;0,645071;1;32100;24,2976;180;1055;265;0,548886738;0,204664723;5,488867377;2,04664723;230;850;3,7;0,043478261;0,011764706;R;XP4;32164;180
30059;3;177;14;59;0;4;28;20,25;22,22;15,78;0;Qty;10;0,746454;2;30200;28,6605;180;363;363;0,382716049;0,283269962;3,827160494;2,83269962;70;368;5,3;0,142857143;0,027173913;R;XP4;30259;280
30022;3;177;6;22;2;0;24;19,75;20,37;17,97;2;Qty;10;0,228591;0;32000;22,7873;180;324;0;0,215189873;0,099053979;2,151898734;0,990539789;200;650;3,3;0,05;0,015384615;B;XP4;32022;180
30051;3;179;12;51;1;3;32;23,35;26,59;17,18;0;Qty;10;0,775394;2;31200;27,4682;180;324;253;0,370449679;0,359138533;3,704496788;3,591385332;49;354;7,2;0,204081633;0,028248588;N;XP4;31251;180
30036;3;179;12;36;1;1;20;19,04;23,53;22,14;2;Qty;5;0,386097;1;31100;24,9326;180;348;111;0,050420168;-0,140018067;0,25210084;-0,700090334;230;308;1,3;0,02173913;0,016233766;B;XP4;31136;180
30032;3;182;19;32;1;0;20;18,84;20,18;16,76;2;Qty;7;0,0993298;0;31000;21,0208;180;216;0;0,061571125;0,124105012;0,430997877;0,868735084;220;143;0,7;0,031818182;0,048951049;B;XP4;31032;260
30031;3;184;12;31;1;1;20;19,04;23,53;22,14;2;Qty;10;0,386097;1;31100;24,9326;180;348;111;0,050420168;-0,140018067;0,504201681;-1,400180668;230;308;1,3;0,043478261;0,032467532;B;XP4;31131;190
30021;3;185;3;21;0;0;20;18,75;18,75;14,61;1;Qty;8;0,126061;0;30000;22,904;190;148;0;0,066666667;0,283367556;0,533333333;2,266940452;200;194;1;0,04;0,041237113;B;XP4;30021;190
30061;3;185;17;61;0;5;32;21,76;22,42;16,19;0;Qty;3;0,681622;2;30200;28,6605;190;363;363;0,470588235;0,344039531;1,411764706;1,032118592;70;368;5,3;0,042857143;0,008152174;R;XP4;30261;220
30070;3;187;20;70;2;2;28;20,59;19,78;15,28;1;Qty;6;0,494091;1;32100;24,2976;190;1055;265;0,359883439;0,347513089;2,159300631;2,085078534;230;850;3,7;0,026086957;0,007058824;T;XP4;32170;190
30031;3;187;8;31;2;1;24;19,93;19,93;17,09;2;Qty;8;0,30755;0;32000;22,7873;190;324;0;0,204214752;0,166179052;1,633718013;1,329432417;200;650;3,3;0,04;0,012307692;B;XP4;32031;190
30069;3;194;3;69;0;1;20;18,75;22,81;17,37;1;Qty;9;0,300581;0;30000;22,904;190;148;0;0,066666667;0,079447323;0,6;0,715025907;200;194;1;0,045;0,046391753;T;XP4;30069;190
30067;3;194;10;67;2;4;32;20,66;20,72;17,15;0;Qty;8;0,645071;1;32100;24,2976;190;1055;265;0,548886738;0,204664723;4,391093901;1,637317784;230;850;3,7;0,034782609;0,009411765;T;XP4;32167;280
30024;3;199;4;24;0;0;24;20,34;20,34;17,79;1;Qty;1;0,216726;0;30000;22,904;200;148;0;0,179941003;0,143338954;0,179941003;0,143338954;200;194;1;0,005;0,005154639;B;XP4;30024;200
30061;3;209;3;61;1;1;24;20,91;20,91;16,89;1;Qty;1;0,337196;1;31100;24,9326;210;348;111;0,147776184;0,238010657;0,147776184;0,238010657;230;308;1,3;0,004347826;0,003246753;R;XP4;31161;220
30028;3;213;12;28;1;1;20;19,04;23,53;22,14;2;Qty;1;0,386097;1;31100;24,9326;210;348;111;0,050420168;-0,140018067;0,050420168;-0,140018067;230;308;1,3;0,004347826;0,003246753;B;XP4;31128;210
30038;3;213;2;38;1;3;28;21,83;29,6;18,45;0;Qty;10;0,684203;2;31200;27,4682;210;324;253;0,282638571;0,183197832;2,826385708;1,83197832;49;354;7,2;0,204081633;0,028248588;B;XP4;31238;210
30058;3;221;17;58;0;3;28;21,54;21,54;17,43;1;Qty;10;0,421624;1;30100;25,652;220;281;158;0,299907149;0,235800344;2,999071495;2,358003442;230;313;1,4;0,043478261;0,031948882;R;XP4;30158;260
30059;3;223;14;59;0;4;28;20,25;22,22;15,78;0;Qty;10;0,746454;2;30200;28,6605;220;363;363;0,382716049;0,283269962;3,827160494;2,83269962;70;368;5,3;0,142857143;0,027173913;R;XP4;30259;280
30061;3;223;10;61;2;6;36;21,59;21,59;17,47;0;Qty;10;0,858968;2;32200;25,7225;220;399;346;0,667438629;0,235832856;6,67438629;2,358328563;70;441;6,3;0,142857143;0,022675737;R;XP4;32261;220
30067;3;234;18;67;2;7;32;21,8;21,8;17,89;0;Qty;2;0,712382;2;32200;25,7225;230;399;346;0,467889908;0,218557854;0,935779817;0,437115707;70;441;6,3;0,028571429;0,004535147;T;XP4;32267;280
30026;3;235;14;26;2;2;24;21,27;21,27;18,25;3;Qty;10;0,367219;1;32100;24,2976;240;1055;265;0,128349788;0,165479452;1,283497884;1,654794521;230;850;3,7;0,043478261;0,011764706;B;XP4;32126;240
30032;3;259;14;32;0;1;24;20,08;20,08;17,27;1;Qty;10;0,321937;0;30000;22,904;260;148;0;0,195219124;0,162709902;1,952191235;1,627099016;200;194;1;0,05;0,051546392;B;XP4;30032;260
30058;3;263;17;58;0;3;28;21,54;21,54;17,43;1;Qty;10;0,421624;1;30100;25,652;260;281;158;0,299907149;0,235800344;2,999071495;2,358003442;230;313;1,4;0,043478261;0,031948882;R;XP4;30158;260
30059;3;266;14;59;0;4;28;20,25;22,22;15,78;0;Qty;4;0,746454;2;30200;28,6605;270;363;363;0,382716049;0,283269962;1,530864198;1,133079848;70;368;5,3;0,057142857;0,010869565;R;XP4;30259;280
30067;3;280;17;67;0;5;32;21,76;22,42;16,19;0;Qty;10;0,681622;2;30200;28,6605;280;363;363;0,470588235;0,344039531;4,705882353;3,440395306;70;368;5,3;0,142857143;0,027173913;T;XP4;30267;280
30059;3;281;1;59;0;4;28;21,07;34,03;17,8;0;Qty;5;0,77733;2;30200;28,6605;280;363;363;0,328903654;0,183707865;1,644518272;0,918539326;70;368;5,3;0,071428571;0,013586957;R;XP4;30259;280
40057;4;3;17;57;0;5;32;21,76;41,61;19,21;0;Qty;10;0,667125;2;40200;26,7721;0;368;368;0,470588235;0,132743363;4,705882353;1,327433628;70;390;5,6;0,142857143;0,025641026;R;XP4;40257;10
40057;4;6;7;57;1;1;24;16;22,39;19,93;2;Qty;10;0,353901;1;41100;24,8664;10;308;144;0,5;-0,197190166;5;-1,971901656;230;355;1,5;0,043478261;0,028169014;R;XP4;41157;10
40057;4;8;4;57;2;3;36;33,34;39,51;18,78;0;Qty;10;0,967673;2;42200;24,7211;10;441;388;0,079784043;0,775292865;0,797840432;7,752928647;70;496;7,1;0,142857143;0,02016129;R;XP4;42257;10
40063;4;10;3;63;1;2;32;22,28;35,89;16,3;0;Qty;10;0,685763;2;41200;24,9478;10;354;287;0,436265709;0,366871166;4,362657092;3,668711656;50;384;7,7;0,2;0,026041667;R;XP4;41263;10
40063;4;10;3;63;0;2;28;24,04;19,51;16,07;0;Qty;10;0,574937;1;40100;22,9547;10;313;169;0,164725458;0,495955196;1,647254576;4,95955196;230;265;1,2;0,043478261;0,037735849;R;XP4;40163;10
40060;4;11;20;60;2;2;28;20,59;32,44;15,42;1;Qty;8;0,4798;1;42100;22,8917;10;850;264;0,359883439;0,335278859;2,879067508;2,682230869;227;710;3,1;0,035242291;0,011267606;R;XP4;42160;210
40063;4;12;5;63;2;0;28;22,93;19,7;16,51;1;Qty;8;0,415302;1;42100;22,8917;10;850;264;0,221107719;0,388855239;1,768861753;3,110841914;227;710;3,1;0,035242291;0,011267606;R;XP4;42163;10
40063;4;13;5;63;2;0;28;22,93;20,88;18,88;2;Qty;2;0,457434;1;42100;22,8917;10;850;264;0,221107719;0,214512712;0,442215438;0,429025424;227;710;3,1;0,008810573;0,002816901;R;XP4;42163;10
40054;4;15;20;54;2;3;32;23,54;21,48;15,1;0;Qty;10;0,606073;1;42100;22,8917;20;850;264;0,359388275;0,558940397;3,593882753;5,589403974;227;710;3,1;0,044052863;0,014084507;R;XP4;42154;170
40062;4;19;5;62;2;1;36;25,51;32,46;19,47;0;Qty;10;0,823661;2;42200;24,7211;20;441;388;0,41121129;0,310220853;4,112112897;3,102208526;70;496;7,1;0,142857143;0,02016129;R;XP4;42262;170
40048;4;22;8;48;0;3;32;20,06;20,27;17,6;0;Qty;10;0,615006;1;40100;22,9547;20;313;169;0,595214357;0,139772727;5,952143569;1,397727273;230;265;1,2;0,043478261;0,037735849;N;XP4;40148;30
40056;4;24;13;56;0;1;36;23,08;33,95;18,55;0;Qty;10;0,9999;2;40200;26,7721;20;368;368;0,559792028;0,244204852;5,597920277;2,442048518;70;390;5,6;0,142857143;0,025641026;R;XP4;40256;290
40052;4;24;15;52;1;2;36;20,51;20,72;16,51;0;Qty;10;0,947018;2;41200;24,9478;20;354;287;0,755241346;0,242277408;7,552413457;2,422774076;50;384;7,7;0,2;0,026041667;N;XP4;41252;30
40047;4;25;20;47;1;3;32;20,18;20,18;15,5;0;Qty;10;0,620775;1;41100;24,8664;30;308;144;0,585728444;0,301935484;5,85728444;3,019354839;230;355;1,5;0,043478261;0,028169014;N;XP4;41147;100
40037;4;25;2;37;2;0;20;18,16;18,16;15,16;2;Qty;10;0,0825681;0;42000;21,1797;30;650;0;0,101321586;0,197889182;1,013215859;1,978891821;200;577;2,9;0,05;0,017331023;B;XP4;42037;100
40053;4;25;15;53;2;2;32;21,34;21,51;18,3;0;Qty;10;0,722749;2;42200;24,7211;30;441;388;0,499531396;0,166120219;4,995313964;1,661202186;70;496;7,1;0,142857143;0,02016129;N;XP4;42253;30
40048;4;26;14;48;2;5;36;21,34;21,34;17,96;0;Qty;10;0,867496;2;42200;24,7211;30;441;388;0,686972821;0,188195991;6,86972821;1,881959911;70;496;7,1;0,142857143;0,02016129;N;XP4;42248;30
40053;4;26;15;53;1;2;36;20,61;20,72;16,51;0;Qty;10;0,947018;2;41200;24,9478;30;354;287;0,746724891;0,248334343;7,467248908;2,483343428;50;384;7,7;0,2;0,026041667;N;XP4;41253;30
40048;4;29;20;48;1;3;32;19,97;20,18;15,5;0;Qty;5;0,620775;1;41100;24,8664;30;308;144;0,602403605;0,288387097;3,012018027;1,441935484;230;355;1,5;0,02173913;0,014084507;N;XP4;41148;30
40047;4;30;4;47;0;2;32;21,91;22,14;17,51;0;Qty;4;0,739013;2;40200;26,7721;30;368;368;0,46052031;0,25128498;1,842081241;1,00513992;70;390;5,6;0,057142857;0,01025641;N;XP4;40247;100
40048;4;30;19;48;1;1;32;23,24;24,65;15,18;0;Qty;5;0,708274;2;41200;24,9478;30;354;287;0,376936317;0,530961792;1,884681583;2,654808959;50;384;7,7;0,1;0,013020833;N;XP4;41248;30
40052;4;31;7;52;2;4;32;21,19;21,41;18,11;0;Qty;10;0,864073;2;42200;24,7211;30;441;388;0,510146295;0,170071784;5,101462954;1,700717835;70;496;7,1;0,142857143;0,02016129;N;XP4;42252;30
40047;4;32;19;47;2;1;32;20,28;20,49;18,1;0;Qty;10;0,658014;1;42100;22,8917;30;850;264;0,57790927;0,120441989;5,779092702;1,20441989;227;710;3,1;0,044052863;0,014084507;N;XP4;42147;100
40055;4;32;3;55;0;2;32;24,71;21,86;16,95;0;Qty;10;0,713858;2;40200;26,7721;30;368;368;0,295022258;0,457817109;2,950222582;4,578171091;70;390;5,6;0,142857143;0,025641026;R;XP4;40255;180
40043;4;38;8;43;2;3;32;20,12;20,21;15,7;0;Qty;10;0,735188;2;42200;24,7211;40;441;388;0,590457256;0,281528662;5,904572565;2,815286624;70;496;7,1;0,142857143;0,02016129;N;XP4;42243;40
40043;4;38;8;43;0;3;32;20,06;20,27;17,6;0;Qty;10;0,615006;1;40100;22,9547;40;313;169;0,595214357;0,139772727;5,952143569;1,397727273;230;265;1,2;0,043478261;0,037735849;N;XP4;40143;40
40043;4;40;18;43;1;7;32;28,26;28,26;16,62;0;Qty;10;0,73944;2;41200;24,9478;40;354;287;0,132342534;0,700361011;1,323425336;7,003610108;50;384;7,7;0,2;0,026041667;N;XP4;41243;40
40046;4;41;19;46;1;1;32;24,65;24,65;15,18;0;Qty;10;0,708274;2;41200;24,9478;40;354;287;0,298174442;0,623847167;2,981744422;6,238471673;50;384;7,7;0,2;0,026041667;N;XP4;41246;50
40066;4;43;17;66;0;5;32;21,54;41,61;19,21;0;Qty;10;0,667125;2;40200;26,7721;40;368;368;0,485608171;0,121290994;4,856081708;1,212909943;70;390;5,6;0,142857143;0,025641026;R;XP4;40266;50
40046;4;45;5;46;2;1;32;30,18;31,44;18,86;1;Qty;10;0,638308;1;42100;22,8917;50;850;264;0,060304838;0,600212089;0,603048376;6,002120891;227;710;3,1;0,044052863;0,014084507;N;XP4;42146;50
40046;4;46;17;46;0;7;36;22,95;22,95;19,14;0;Qty;10;0,980324;2;40200;26,7721;50;368;368;0,568627451;0,199059561;5,68627451;1,990595611;70;390;5,6;0,142857143;0,025641026;N;XP4;40246;50
40066;4;47;3;66;1;2;32;22,22;35,89;16,3;0;Qty;2;0,685763;2;41200;24,9478;50;354;287;0,440144014;0,363190184;0,880288029;0,726380368;50;384;7,7;0,04;0,005208333;R;XP4;41266;50
40066;4;50;20;66;2;3;32;23,54;21,48;15,1;0;Qty;9;0,606073;1;42100;22,8917;50;850;264;0,359388275;0,558940397;3,234494477;5,030463576;227;710;3,1;0,039647577;0,012676056;R;XP4;42166;50
40025;4;57;15;25;2;0;20;18,34;18,72;16,28;3;Qty;10;0,0696465;0;42000;21,1797;60;650;0;0,090512541;0,126535627;0,905125409;1,265356265;200;577;2,9;0,05;0,017331023;B;XP4;42025;80
40059;4;58;5;59;2;0;28;22,93;20,88;18,88;2;Qty;10;0,457434;1;42100;22,8917;60;850;264;0,221107719;0,214512712;2,211077191;2,145127119;227;710;3,1;0,044052863;0,014084507;R;XP4;42159;250
40030;4;59;6;30;0;0;20;18,84;19,28;14,75;1;Qty;10;0,0643321;0;40000;23,82;60;194;0;0,061571125;0,277288136;0,615711253;2,772881356;200;163;0,8;0,05;0,061349693;B;XP4;40030;70
40045;4;60;18;45;1;7;32;28,26;28,26;16,62;0;Qty;9;0,73944;2;41200;24,9478;60;354;287;0,132342534;0,700361011;1,191082803;6,303249097;50;384;7,7;0,18;0,0234375;N;XP4;41245;60
40062;4;61;13;62;0;1;36;23,08;33,95;18,55;0;Qty;10;0,9999;2;40200;26,7721;60;368;368;0,559792028;0,244204852;5,597920277;2,442048518;70;390;5,6;0,142857143;0,025641026;R;XP4;40262;170
40045;4;61;17;45;0;7;36;22,72;22,95;19,14;0;Qty;10;0,980324;2;40200;26,7721;60;368;368;0,584507042;0,187042842;5,845070423;1,870428422;70;390;5,6;0,142857143;0,025641026;N;XP4;40245;60
40050;4;63;18;50;1;7;28;26,39;27,76;16,33;0;Qty;10;0,774983;2;41200;24,9478;60;354;287;0,061007958;0,616044091;0,610079576;6,160440906;50;384;7,7;0,2;0,026041667;N;XP4;41250;70
40045;4;63;4;45;2;2;32;21,02;21,24;19,6;1;Qty;10;0,647617;1;42100;22,8917;60;850;264;0,522359657;0,07244898;5,223596575;0,724489796;227;710;3,1;0,044052863;0,014084507;N;XP4;42145;60
40024;4;65;4;24;0;1;24;19,81;19,81;15,81;1;Qty;10;0,272103;0;40000;23,82;70;194;0;0,211509339;0,253004428;2,115093387;2,530044276;200;163;0,8;0,05;0,061349693;B;XP4;40024;250
40030;4;65;2;30;2;1;24;19,85;20,06;18,96;3;Qty;10;0,223512;0;42000;21,1797;70;650;0;0,20906801;0,046940928;2,090680101;0,469409283;200;577;2,9;0,05;0,017331023;B;XP4;42030;70
40041;4;65;17;41;0;7;36;22,95;22,95;19,14;0;Qty;10;0,980324;2;40200;26,7721;70;368;368;0,568627451;0,199059561;5,68627451;1,990595611;70;390;5,6;0,142857143;0,025641026;N;XP4;40241;160
40050;4;67;14;50;2;4;32;21,84;22,07;19,43;1;Qty;10;0,777085;2;42200;24,7211;70;441;388;0,465201465;0,124034997;4,652014652;1,240349974;70;496;7,1;0,142857143;0,02016129;N;XP4;42250;70
40044;4;68;2;44;2;3;32;28,96;29,03;18,4;1;Qty;10;0,67663;2;42200;24,7211;70;441;388;0,104972376;0,573913043;1,049723757;5,739130435;70;496;7,1;0,142857143;0,02016129;N;XP4;42244;160
40030;4;72;7;30;1;1;24;21,93;22,39;19,93;2;Qty;10;0,353901;1;41100;24,8664;70;308;144;0,094391245;0,100351229;0,943912449;1,003512293;230;355;1,5;0,043478261;0,028169014;B;XP4;41130;70
40025;4;73;15;25;1;1;20;19,02;21,74;18,62;2;Qty;10;0,340428;1;41100;24,8664;70;308;144;0,051524711;0,021482277;0,515247108;0,214822771;230;355;1,5;0,043478261;0,028169014;B;XP4;41125;80
40042;4;76;9;42;0;2;32;22,78;22,78;18,8;0;Qty;10;0,772069;2;40200;26,7721;80;368;368;0,404741001;0,211702128;4,047410009;2,117021277;70;390;5,6;0,142857143;0,025641026;N;XP4;40242;160
40061;4;76;17;61;0;5;32;21,76;41,61;19,21;0;Qty;10;0,667125;2;40200;26,7721;80;368;368;0,470588235;0,132743363;4,705882353;1,327433628;70;390;5,6;0,142857143;0,025641026;R;XP4;40261;250
40049;4;77;8;49;0;3;32;21,47;21,69;16,62;0;Qty;9;0,68183;2;40200;26,7721;80;368;368;0,490451793;0,291817088;4,414066139;2,626353791;70;390;5,6;0,128571429;0,023076923;N;XP4;40249;80
40025;4;80;8;25;0;0;20;18,9;20,49;17,16;1;Qty;10;0,190304;0;40000;23,82;80;194;0;0,058201058;0,101398601;0,582010582;1,013986014;200;163;0,8;0,05;0,061349693;B;XP4;40025;80
40049;4;80;18;49;1;7;32;27,97;27,76;16,33;0;Qty;10;0,774983;2;41200;24,9478;80;354;287;0,144082946;0,71279853;1,44082946;7,127985303;50;384;7,7;0,2;0,026041667;N;XP4;41249;80
40042;4;80;4;42;2;2;32;21,24;21,24;19,6;1;Qty;2;0,647617;1;42100;22,8917;80;850;264;0,506591337;0,083673469;1,013182674;0,167346939;227;710;3,1;0,008810573;0,002816901;N;XP4;42142;160
40039;4;82;19;39;2;0;20;17,39;19,51;17,86;3;Qty;10;0,126794;0;42000;21,1797;80;650;0;0,150086256;-0,026315789;1,500862565;-0,263157895;200;577;2,9;0,05;0,017331023;B;XP4;42039;170
40037;4;84;6;37;0;1;24;18,74;18,74;14,54;0;Qty;10;0,516768;1;40100;22,9547;80;313;169;0,280683031;0,288858322;2,806830309;2,888583219;230;265;1,2;0,043478261;0,037735849;B;XP4;40137;100
40056;4;86;18;56;1;7;32;22,51;27,76;16,33;0;Qty;4;0,774983;2;41200;24,9478;90;354;287;0,421590404;0,378444581;1,686361617;1,513778322;50;384;7,7;0,08;0,010416667;R;XP4;41256;290
40023;4;88;2;23;2;0;20;18,16;18,16;15,16;2;Qty;10;0,0825681;0;42000;21,1797;90;650;0;0,101321586;0,197889182;1,013215859;1,978891821;200;577;2,9;0,05;0,017331023;B;XP4;42023;120
40038;4;90;5;38;2;0;28;20,88;20,88;18,88;2;Qty;10;0,457434;1;42100;22,8917;90;850;264;0,340996169;0,105932203;3,409961686;1,059322034;227;710;3,1;0,044052863;0,014084507;B;XP4;42138;180
40054;4;92;6;54;0;1;28;18,55;18,74;14,54;0;Qty;2;0,516768;1;40100;22,9547;90;313;169;0,509433962;0,275790922;1,018867925;0,551581843;230;265;1,2;0,008695652;0,00754717;R;XP4;40154;170
40037;4;95;20;37;1;1;24;20,01;20,22;17,17;2;Qty;10;0,204694;0;41000;23,2882;100;143;0;0,1994003;0,165404776;1,994002999;1,654047758;220;82;0,4;0,045454545;0,12195122;B;XP4;41037;100
40047;4;97;8;47;0;3;32;21,69;21,69;16,62;0;Qty;6;0,68183;2;40200;26,7721;100;368;368;0,475334255;0,305054152;2,852005533;1,83032491;70;390;5,6;0,085714286;0,015384615;N;XP4;40247;100
40039;4;102;8;39;0;0;20;18,84;20,49;17,16;1;Qty;10;0,190304;0;40000;23,82;100;194;0;0,061571125;0,097902098;0,615711253;0,979020979;200;163;0,8;0,05;0,061349693;B;XP4;40039;170
40041;4;103;10;41;2;3;28;19,8;20,01;17,14;2;Qty;10;0,446133;1;42100;22,8917;100;850;264;0,414141414;0,155192532;4,141414141;1,551925321;227;710;3,1;0,044052863;0,014084507;N;XP4;42141;160
40060;4;105;10;60;2;3;28;20,01;20,01;17,14;2;Qty;2;0,446133;1;42100;22,8917;110;850;264;0,39930035;0,167444574;0,7986007;0,334889148;227;710;3,1;0,008810573;0,002816901;R;XP4;42160;210
40068;4;107;17;68;0;7;36;22,95;22,95;19,14;0;Qty;8;0,980324;2;40200;26,7721;110;368;368;0,568627451;0,199059561;4,549019608;1,592476489;70;390;5,6;0,114285714;0,020512821;T;XP4;40268;130
40035;4;108;2;35;2;0;20;18,16;18,16;15,16;2;Qty;1;0,0825681;0;42000;21,1797;110;650;0;0,101321586;0,197889182;0,101321586;0,197889182;200;577;2,9;0,005;0,001733102;B;XP4;42035;210
40023;4;110;4;23;0;1;20;18,97;19,81;15,81;1;Qty;10;0,272103;0;40000;23,82;110;194;0;0,054296257;0,199873498;0,542962572;1,998734978;200;163;0,8;0,05;0,061349693;B;XP4;40023;120
40051;4;110;16;51;2;3;28;20,44;20,65;18,41;2;Qty;10;0,568114;1;42100;22,8917;110;850;264;0,369863014;0,11026616;3,698630137;1,102661597;227;710;3,1;0,044052863;0,014084507;N;XP4;42151;180
40033;4;112;2;33;2;1;24;20,06;20,06;18,96;3;Qty;1;0,223512;0;42000;21,1797;110;650;0;0,196410768;0,058016878;0,196410768;0,058016878;200;577;2,9;0,005;0,001733102;B;XP4;42033;180
40029;4;112;10;29;2;1;24;18,95;19,15;17,14;2;Qty;10;0,209527;0;42000;21,1797;110;650;0;0,266490765;0,105600933;2,664907652;1,056009335;200;577;2,9;0,05;0,017331023;B;XP4;42029;160
40068;4;113;2;68;2;0;20;18,16;18,16;15,16;3;Qty;10;0,0938562;0;42000;21,1797;110;650;0;0,101321586;0,197889182;1,013215859;1,978891821;200;577;2,9;0,05;0,017331023;T;XP4;42068;130
40031;4;114;4;31;2;0;24;19,96;19,96;17,83;1;Qty;10;0,209148;0;42000;21,1797;110;650;0;0,20240481;0,119461582;2,024048096;1,194615816;200;577;2,9;0,05;0,017331023;B;XP4;42031;170
40028;4;115;8;28;0;2;28;19,05;19,25;15,55;1;Qty;10;0,410167;1;40100;22,9547;120;313;169;0,469816273;0,225080386;4,69816273;2,250803859;230;265;1,2;0,043478261;0,037735849;B;XP4;40128;210
40032;4;121;8;32;0;2;24;19,25;19,25;15,55;1;Qty;10;0,410167;1;40100;22,9547;120;313;169;0,246753247;0,237942122;2,467532468;2,379421222;230;265;1,2;0,043478261;0,037735849;B;XP4;40132;170
40026;4;122;5;26;0;0;20;18,86;19,64;16,33;1;Qty;10;0,362983;1;40100;22,9547;120;313;169;0,060445387;0,154929577;0,604453871;1,549295775;230;265;1,2;0,043478261;0,037735849;B;XP4;40126;180
40027;4;122;7;27;1;1;20;19,01;22,39;19,93;2;Qty;10;0,353901;1;41100;24,8664;120;308;144;0,052077854;-0,046161565;0,520778538;-0,461615655;230;355;1,5;0,043478261;0,028169014;B;XP4;41127;140
40023;4;123;7;23;1;1;20;18,84;20,54;16,22;1;Qty;10;0,388148;1;41100;24,8664;120;308;144;0,061571125;0,161528977;0,615711253;1,615289766;230;355;1,5;0,043478261;0,028169014;B;XP4;41123;120
40051;4;123;5;51;0;1;32;22,51;23,46;20,15;0;Qty;10;0,820212;2;40200;26,7721;120;368;368;0,421590404;0,117121588;4,215904043;1,171215881;70;390;5,6;0,142857143;0,025641026;N;XP4;40251;180
40070;4;123;10;70;2;3;28;20,01;20,01;17,14;2;Qty;10;0,446133;1;42100;22,8917;120;850;264;0,39930035;0,167444574;3,993003498;1,674445741;227;710;3,1;0,044052863;0,014084507;T;XP4;42170;120
40036;4;125;10;36;2;4;28;19,8;38,15;17,47;1;Qty;10;0,658968;1;42100;22,8917;130;850;264;0,414141414;0,133371494;4,141414141;1,33371494;227;710;3,1;0,044052863;0,014084507;B;XP4;42136;130
40060;4;127;15;60;1;2;36;20,72;20,72;16,51;0;Qty;2;0,947018;2;41200;24,9478;130;354;287;0,737451737;0,254996972;1,474903475;0,509993943;50;384;7,7;0,04;0,005208333;R;XP4;41260;210
40068;4;129;5;68;0;1;36;23,46;23,46;20,15;0;Qty;1;0,820212;2;40200;26,7721;130;368;368;0,534526854;0,16426799;0,534526854;0,16426799;70;390;5,6;0,014285714;0,002564103;T;XP4;40268;130
40056;4;131;13;56;2;1;36;21,19;22;19,29;0;Qty;10;0,9999;2;42200;24,7211;130;441;388;0,698914582;0,09849663;6,989145824;0,984966304;70;496;7,1;0,142857143;0,02016129;R;XP4;42256;290
40027;4;135;2;27;2;0;20;18,16;18,16;15,16;3;Qty;10;0,0938562;0;42000;21,1797;140;650;0;0,101321586;0,197889182;1,013215859;1,978891821;200;577;2,9;0,05;0,017331023;B;XP4;42027;140
40022;4;140;4;22;2;0;24;19,96;19,96;17,83;1;Qty;10;0,209148;0;42000;21,1797;140;650;0;0,20240481;0,119461582;2,024048096;1,194615816;200;577;2,9;0,05;0,017331023;B;XP4;42022;170
40055;4;142;14;55;2;5;36;21,34;21,34;17,96;0;Qty;10;0,867496;2;42200;24,7211;140;441;388;0,686972821;0,188195991;6,86972821;1,881959911;70;496;7,1;0,142857143;0,02016129;R;XP4;42255;180
40022;4;143;9;22;0;0;24;20,42;21,11;18,4;1;Qty;10;0,329634;0;40000;23,82;140;194;0;0,175318315;0,109782609;1,753183154;1,097826087;200;163;0,8;0,05;0,061349693;B;XP4;40022;170
40040;4;145;10;40;2;1;24;18,63;19,15;17,14;2;Qty;6;0,209527;0;42000;21,1797;150;650;0;0,288244767;0,086931155;1,729468599;0,521586931;200;577;2,9;0,03;0,010398614;B;XP4;42040;160
40022;4;147;20;22;1;1;20;18,84;20,22;17,17;2;Qty;8;0,204694;0;41000;23,2882;150;143;0;0,061571125;0,097262667;0,492569002;0,77810134;220;82;0,4;0,036363636;0,097560976;B;XP4;41022;170
40058;4;147;8;58;0;2;28;19,25;19,25;15,55;1;Qty;9;0,410167;1;40100;22,9547;150;313;169;0,454545455;0,237942122;4,090909091;2,1414791;230;265;1,2;0,039130435;0,033962264;R;XP4;40158;190
40044;4;149;7;44;1;3;32;21,04;21,04;17,15;1;Qty;10;0,708499;2;41200;24,9478;150;354;287;0,520912548;0,226822157;5,209125475;2,268221574;50;384;7,7;0,2;0,026041667;N;XP4;41244;160
40058;4;150;10;58;2;4;28;20,01;38,15;17,47;1;Qty;6;0,658968;1;42100;22,8917;150;850;264;0,39930035;0,145392101;2,395802099;0,872352604;227;710;3,1;0,026431718;0,008450704;R;XP4;42158;190
40038;4;151;4;38;0;1;20;18,84;20,22;17,5;1;Qty;4;0,365972;1;40100;22,9547;150;313;169;0,061571125;0,076571429;0,246284501;0,306285714;230;265;1,2;0,017391304;0,01509434;B;XP4;40138;180
40044;4;154;8;44;0;3;32;21,69;21,69;16,62;0;Qty;8;0,68183;2;40200;26,7721;150;368;368;0,475334255;0,305054152;3,802674043;2,440433213;70;390;5,6;0,114285714;0,020512821;N;XP4;40244;160
40033;4;154;15;33;2;1;24;20,36;21,62;17,16;1;Qty;9;0,510777;1;42100;22,8917;150;850;264;0,178781925;0,186480186;1,609037328;1,678321678;227;710;3,1;0,039647577;0,012676056;B;XP4;42133;180
40040;4;155;2;40;2;2;24;18,79;21,78;20,68;2;Qty;4;0,441147;1;42100;22,8917;160;850;264;0,277275146;-0,09139265;1,109100585;-0,3655706;227;710;3,1;0,017621145;0,005633803;B;XP4;42140;160
40058;4;156;12;58;0;2;28;22,61;22,61;18,46;0;Qty;1;0,682644;2;40200;26,7721;160;368;368;0,238390093;0,224810401;0,238390093;0,224810401;70;390;5,6;0,014285714;0,002564103;R;XP4;40258;190
40032;4;157;14;32;2;1;20;18,84;19,69;18,21;3;Qty;10;0,207503;0;42000;21,1797;160;650;0;0,061571125;0,034596376;0,615711253;0,345963756;200;577;2,9;0,05;0,017331023;B;XP4;42032;170
40044;4;157;12;44;0;2;32;22,61;22,61;18,46;0;Qty;2;0,682644;2;40200;26,7721;160;368;368;0,415302963;0,224810401;0,830605927;0,449620802;70;390;5,6;0,028571429;0,005128205;N;XP4;40244;160
40041;4;158;19;41;1;1;32;24,65;24,65;15,18;0;Qty;5;0,708274;2;41200;24,9478;160;354;287;0,298174442;0,623847167;1,490872211;3,119235837;50;384;7,7;0,1;0,013020833;N;XP4;41241;160
40034;4;160;2;34;2;0;20;18,16;18,16;15,16;3;Qty;10;0,0938562;0;42000;21,1797;160;650;0;0,101321586;0,197889182;1,013215859;1,978891821;200;577;2,9;0,05;0,017331023;B;XP4;42034;170
40029;4;161;8;29;0;0;20;18,84;20,49;17,16;1;Qty;1;0,190304;0;40000;23,82;160;194;0;0,061571125;0,097902098;0,061571125;0,097902098;200;163;0,8;0,005;0,006134969;B;XP4;40029;160
40054;4;163;7;54;1;4;36;33,5;33,5;20,94;0;Qty;10;0,969458;2;41200;24,9478;160;354;287;0,074626866;0,599808978;0,746268657;5,99808978;50;384;7,7;0,2;0,026041667;R;XP4;41254;170
40042;4;164;8;42;2;3;32;20,21;20,21;15,7;0;Qty;8;0,735188;2;42200;24,7211;160;441;388;0,583374567;0,287261146;4,666996536;2,298089172;70;496;7,1;0,114285714;0,016129032;N;XP4;42242;160
40060;4;165;7;60;1;4;36;33,5;33,5;20,94;0;Qty;8;0,969458;2;41200;24,9478;170;354;287;0,074626866;0,599808978;0,597014925;4,798471824;50;384;7,7;0,16;0,020833333;R;XP4;41260;210
40054;4;166;9;54;0;2;28;21,99;22,78;18,8;0;Qty;5;0,772069;2;40200;26,7721;170;368;368;0,273306048;0,169680851;1,366530241;0,848404255;70;390;5,6;0,071428571;0,012820513;R;XP4;40254;170
40062;4;167;7;62;1;3;32;21,04;21,04;17,15;1;Qty;7;0,708499;2;41200;24,9478;170;354;287;0,520912548;0,226822157;3,646387833;1,587755102;50;384;7,7;0,14;0,018229167;R;XP4;41262;170
40033;4;167;18;33;1;0;20;18,84;20,46;17,65;2;Qty;10;0,0431213;0;41000;23,2882;170;143;0;0,061571125;0,067422096;0,615711253;0,674220963;220;82;0,4;0,045454545;0,12195122;B;XP4;41033;180
40039;4;168;7;39;1;1;24;20,54;20,54;16,22;1;Qty;10;0,388148;1;41100;24,8664;170;308;144;0,168451801;0,266337855;1,684518014;2,663378545;230;355;1,5;0,043478261;0,028169014;B;XP4;41139;170
40064;4;169;7;64;1;3;32;21,04;22,47;20;1;Qty;10;0,727015;2;41200;24,9478;170;354;287;0,520912548;0,052;5,209125475;0,52;50;384;7,7;0,2;0,026041667;R;XP4;41264;210
40031;4;170;7;31;1;1;20;18,93;20,54;16,22;1;Qty;10;0,388148;1;41100;24,8664;170;308;144;0,056524036;0,167077682;0,565240359;1,670776819;230;355;1,5;0,043478261;0,028169014;B;XP4;41131;170
40064;4;170;8;64;2;3;32;20,21;20,21;15,7;0;Qty;9;0,735188;2;42200;24,7211;170;441;388;0,583374567;0,287261146;5,250371103;2,585350318;70;496;7,1;0,128571429;0,018145161;R;XP4;42264;210
40022;4;171;15;22;1;1;20;18,9;20,91;16,97;1;Qty;2;0,393281;1;41100;24,8664;170;308;144;0,058201058;0,113730112;0,116402116;0,227460224;230;355;1,5;0,008695652;0,005633803;B;XP4;41122;170
40069;4;171;9;69;1;1;28;20,93;20,93;17,01;0;Qty;10;0,570017;1;41100;24,8664;170;308;144;0,337792642;0,230452675;3,377926421;2,304526749;230;355;1,5;0,043478261;0,028169014;T;XP4;41169;220
40032;4;172;15;32;1;1;20;18,65;20,91;16,97;1;Qty;10;0,393281;1;41100;24,8664;170;308;144;0,072386059;0,098998232;0,72386059;0,989982322;230;355;1,5;0,043478261;0,028169014;B;XP4;41132;170
40034;4;173;9;34;1;1;28;20,93;20,93;17,01;0;Qty;10;0,570017;1;41100;24,8664;170;308;144;0,337792642;0,230452675;3,377926421;2,304526749;230;355;1,5;0,043478261;0,028169014;B;XP4;41134;170
40026;4;176;20;26;2;1;24;18,22;18,22;15,28;2;Qty;10;0,294091;0;42000;21,1797;180;650;0;0,317233809;0,192408377;3,17233809;1,92408377;200;577;2,9;0,05;0,017331023;B;XP4;42026;180
40058;4;176;10;58;2;4;28;20,01;34,22;15,67;0;Qty;3;0,670278;2;42200;24,7211;180;441;388;0,39930035;0,276962348;1,197901049;0,830887045;70;496;7,1;0,042857143;0,006048387;R;XP4;42258;190
40033;4;176;5;33;0;0;20;18,89;19,64;16,33;1;Qty;9;0,362983;1;40100;22,9547;180;313;169;0,058761249;0,156766687;0,528851244;1,410900184;230;265;1,2;0,039130435;0,033962264;B;XP4;40133;180
40038;4;178;9;38;1;1;28;20,93;20,93;17,01;0;Qty;10;0,570017;1;41100;24,8664;180;308;144;0,337792642;0,230452675;3,377926421;2,304526749;230;355;1,5;0,043478261;0,028169014;B;XP4;41138;180
40051;4;179;7;51;1;3;32;21,04;22,47;20;1;Qty;3;0,727015;2;41200;24,9478;180;354;287;0,520912548;0,052;1,562737643;0,156;50;384;7,7;0,06;0,0078125;N;XP4;41251;180
40055;4;179;7;55;1;4;36;33,5;33,5;20,94;0;Qty;1;0,969458;2;41200;24,9478;180;354;287;0,074626866;0,599808978;0,074626866;0,599808978;50;384;7,7;0,02;0,002604167;R;XP4;41255;180
40026;4;183;15;26;1;1;24;20,91;20,91;16,97;1;Qty;10;0,393281;1;41100;24,8664;180;308;144;0,147776184;0,232174425;1,477761836;2,321744255;230;355;1,5;0,043478261;0,028169014;B;XP4;41126;180
40028;4;185;2;28;2;0;20;18,16;18,16;15,16;3;Qty;1;0,0938562;0;42000;21,1797;190;650;0;0,101321586;0,197889182;0,101321586;0,197889182;200;577;2,9;0,005;0,001733102;B;XP4;42028;210
40058;4;187;7;58;1;4;32;21,04;31,26;19,54;0;Qty;10;0,9999;2;41200;24,9478;190;354;287;0,520912548;0,076765609;5,209125475;0,76765609;50;384;7,7;0,2;0,026041667;R;XP4;41258;190
40061;4;190;14;61;2;5;36;21,34;21,34;17,96;0;Qty;10;0,867496;2;42200;24,7211;190;441;388;0,686972821;0,188195991;6,86972821;1,881959911;70;496;7,1;0,142857143;0,02016129;R;XP4;42261;250
40028;4;192;18;28;1;0;20;18,98;20,46;17,65;2;Qty;10;0,0431213;0;41000;23,2882;190;143;0;0,05374078;0,075354108;0,537407798;0,753541076;220;82;0,4;0,045454545;0,12195122;B;XP4;41028;210
40059;4;192;7;59;1;4;32;21,04;31,26;19,54;0;Qty;10;0,9999;2;41200;24,9478;190;354;287;0,520912548;0,076765609;5,209125475;0,76765609;50;384;7,7;0,2;0,026041667;R;XP4;41259;250
40056;4;192;13;56;2;1;36;21,19;22;19,29;0;Qty;10;0,9999;2;42200;24,7211;190;441;388;0,698914582;0,09849663;6,989145824;0,984966304;70;496;7,1;0,142857143;0,02016129;R;XP4;42256;290
40028;4;200;15;28;2;0;20;18,72;18,72;16,28;3;Qty;6;0,0696465;0;42000;21,1797;200;650;0;0,068376068;0,14987715;0,41025641;0,899262899;200;577;2,9;0,03;0,010398614;B;XP4;42028;210
40060;4;205;3;60;0;2;28;19,51;19,51;16,07;0;Qty;10;0,574937;1;40100;22,9547;210;313;169;0,435161456;0,214063472;4,351614557;2,140634723;230;265;1,2;0,043478261;0,037735849;R;XP4;40160;210
40067;4;206;18;67;2;6;32;19,41;19,41;15,93;0;Qty;10;0,656993;1;42100;22,8917;210;850;264;0,648634724;0,218455744;6,486347244;2,184557439;227;710;3,1;0,044052863;0,014084507;T;XP4;42167;210
40028;4;206;8;28;2;0;20;18,84;22,11;17,09;3;Qty;2;0,10755;0;42000;21,1797;210;650;0;0,061571125;0,102399064;0,123142251;0,204798128;200;577;2,9;0,01;0,003466205;B;XP4;42028;210
40035;4;211;15;35;2;0;20;18,72;19,28;17,39;2;Qty;9;0,1381;0;42000;21,1797;210;650;0;0,068376068;0,076480736;0,615384615;0,688326624;200;577;2,9;0,045;0,01559792;B;XP4;42035;210
40064;4;212;3;64;0;2;32;21,86;21,86;16,95;0;Qty;10;0,713858;2;40200;26,7721;210;368;368;0,463860933;0,289675516;4,638609332;2,896755162;70;390;5,6;0,142857143;0,025641026;R;XP4;40264;210
40069;4;221;20;69;2;1;24;18,22;18,22;15,28;2;Qty;10;0,294091;0;42000;21,1797;220;650;0;0,317233809;0,192408377;3,17233809;1,92408377;200;577;2,9;0,05;0,017331023;T;XP4;42069;220
40061;4;228;7;61;1;1;24;20,54;20,54;16,22;1;Qty;5;0,388148;1;41100;24,8664;230;308;144;0,168451801;0,266337855;0,842259007;1,331689273;230;355;1,5;0,02173913;0,014084507;R;XP4;41161;250
40059;4;228;3;59;0;2;28;19,51;19,51;16,07;0;Qty;2;0,574937;1;40100;22,9547;230;313;169;0,435161456;0,214063472;0,870322911;0,428126945;230;265;1,2;0,008695652;0,00754717;R;XP4;40159;250
40061;4;243;14;61;2;5;36;21,34;21,34;17,96;0;Qty;10;0,867496;2;42200;24,7211;240;441;388;0,686972821;0,188195991;6,86972821;1,881959911;70;496;7,1;0,142857143;0,02016129;R;XP4;42261;250
40059;4;245;12;59;0;2;28;22,61;22,61;18,46;0;Qty;8;0,682644;2;40200;26,7721;250;368;368;0,238390093;0,224810401;1,907120743;1,798483207;70;390;5,6;0,114285714;0,020512821;R;XP4;40259;250
40061;4;246;15;61;1;1;24;20,91;20,91;16,97;1;Qty;4;0,393281;1;41100;24,8664;250;308;144;0,147776184;0,232174425;0,591104735;0,928697702;230;355;1,5;0,017391304;0,011267606;R;XP4;41161;250
40056;4;246;13;56;2;1;36;21,19;22;19,29;0;Qty;10;0,9999;2;42200;24,7211;250;441;388;0,698914582;0,09849663;6,989145824;0,984966304;70;496;7,1;0,142857143;0,02016129;R;XP4;42256;290
40024;4;251;4;24;2;0;20;18,87;19,96;17,83;1;Qty;10;0,209148;0;42000;21,1797;250;650;0;0,059883413;0,05832866;0,598834128;0,583286596;200;577;2,9;0,05;0,017331023;B;XP4;42024;250
40056;4;290;13;56;2;1;36;21,19;22;19,29;0;Qty;7;0,9999;2;42200;24,7211;290;441;388;0,698914582;0,09849663;4,892402076;0,689476413;70;496;7,1;0,1;0,014112903;R;XP4;42256;290
40056;4;292;14;56;2;5;36;21,34;21,34;17,96;0;Qty;1;0,867496;2;42200;24,7211;290;441;388;0,686972821;0,188195991;0,686972821;0,188195991;70;496;7,1;0,014285714;0,002016129;R;XP4;42256;290
50065;5;1;2;65;0;2;28;20,46;19,3;14,6;0;Qty;10;0,558162;1;50100;24,0119;0;265;145;0,368523949;0,401369863;3,685239492;4,01369863;230;307;1,3;0,043478261;0,03257329;R;XP4;50165;10
50060;5;3;7;60;1;4;36;33,5;35,26;18,29;0;Qty;10;0,898074;2;51200;25,5378;0;384;301;0,074626866;0,831601968;0,746268657;8,316019683;50;290;5,8;0,2;0,034482759;R;XP4;51260;10
50065;5;3;12;65;1;2;32;23,28;21,89;18,26;1;Qty;10;0,733233;2;51200;25,5378;0;384;301;0,374570447;0,274917853;3,745704467;2,749178532;50;290;5,8;0,2;0,034482759;R;XP4;51265;10
50057;5;3;7;57;1;1;24;16;35,45;16,95;1;Qty;10;0,240954;0;51000;20,945;0;82;0;0,5;-0,056047198;5;-0,560471976;220;127;0,6;0,045454545;0,078740157;R;XP4;51057;10
50065;5;5;4;65;2;2;28;22,71;21,66;16,8;0;Qty;10;0,525411;1;52100;23,3014;10;710;252;0,232937032;0,351785714;2,329370321;3,517857143;230;870;3,8;0,043478261;0,011494253;R;XP4;52165;10
50057;5;5;17;57;0;5;32;21,76;39,09;16,98;0;Qty;10;0,717217;2;50200;25,8689;10;390;390;0,470588235;0,281507656;4,705882353;2,815076561;70;349;5;0,142857143;0,028653295;R;XP4;50257;10
50060;5;5;3;60;0;2;28;19,51;40,83;16,84;0;Qty;10;0,553918;1;50100;24,0119;10;265;145;0,435161456;0,158551069;4,351614557;1,585510689;230;307;1,3;0,043478261;0,03257329;R;XP4;50160;10
50057;5;7;4;57;2;3;36;33,34;28,75;17,82;0;Qty;10;0,836264;2;52200;25,2805;10;496;359;0,079784043;0,870931538;0,797840432;8,709315376;70;351;5;0,142857143;0,028490028;R;XP4;52257;10
50063;5;7;3;63;0;2;28;24,04;40,83;16,84;0;Qty;6;0,553918;1;50100;24,0119;10;265;145;0,164725458;0,427553444;0,988352745;2,565320665;230;307;1,3;0,026086957;0,019543974;R;XP4;50163;10
50060;5;9;10;60;2;3;28;20,01;22,75;15,67;1;Qty;10;0,470278;1;52100;23,3014;10;710;252;0,39930035;0,276962348;3,993003498;2,769623484;230;870;3,8;0,043478261;0,011494253;R;XP4;52160;10
50063;5;9;5;63;2;0;28;22,93;35,12;18,86;2;Qty;10;0,438308;1;52100;23,3014;10;710;252;0,221107719;0,215800636;2,211077191;2,158006363;230;870;3,8;0,043478261;0,011494253;R;XP4;52163;10
50054;5;15;7;54;1;4;36;33,5;35,26;18,29;0;Qty;10;0,898074;2;51200;25,5378;20;384;301;0,074626866;0,831601968;0,746268657;8,316019683;50;290;5,8;0,2;0,034482759;R;XP4;51254;190
50062;5;18;5;62;2;1;36;25,51;26,08;18,98;0;Qty;10;0,9999;2;52200;25,2805;20;496;359;0,41121129;0,344046365;4,112112897;3,440463646;70;351;5;0,142857143;0,028490028;R;XP4;52262;30
50062;5;19;7;62;1;3;32;21,04;49,35;19,54;1;Qty;6;0,733233;2;51200;25,5378;20;384;301;0,520912548;0,076765609;3,125475285;0,460593654;50;290;5,8;0,12;0,020689655;R;XP4;51262;30
50048;5;21;19;48;0;1;32;20,18;20,18;16,35;0;Qty;10;0,653244;1;50100;24,0119;20;265;145;0,585728444;0,234250765;5,85728444;2,342507645;230;307;1,3;0,043478261;0,03257329;N;XP4;50148;160
50062;5;22;13;62;0;1;36;23,08;25,3;18,48;0;Qty;10;0,9999;2;50200;25,8689;20;390;390;0,559792028;0,248917749;5,597920277;2,489177489;70;349;5;0,142857143;0,028653295;R;XP4;50262;30
50035;5;23;18;35;2;3;20;18,92;18,92;17,89;2;Qty;10;0,312382;0;52000;19,9571;20;577;0;0,057082452;0,057574064;0,570824524;0,575740637;200;333;1,7;0,05;0,03003003;B;XP4;52035;110
50056;5;23;14;56;2;5;36;21,34;43,6;19,08;0;Qty;10;0,978873;2;52200;25,2805;20;496;359;0,686972821;0,118448637;6,86972821;1,184486373;70;351;5;0,142857143;0,028490028;R;XP4;52256;60
50053;5;25;7;53;1;4;36;33,93;35,26;18,29;0;Qty;5;0,898074;2;51200;25,5378;30;384;301;0,061007958;0,855112083;0,305039788;4,275560416;50;290;5,8;0,1;0,017241379;N;XP4;51253;40
50062;5;25;7;62;1;4;32;21,04;37;19,19;0;Qty;4;0,939323;2;51200;25,5378;30;384;301;0,520912548;0,096404377;2,08365019;0,385617509;50;290;5,8;0,08;0,013793103;R;XP4;51262;30
50047;5;26;19;47;0;1;32;19,97;20,18;16,35;0;Qty;10;0,653244;1;50100;24,0119;30;265;145;0,602403605;0,221406728;6,024036054;2,214067278;230;307;1,3;0,043478261;0,03257329;N;XP4;50147;30
50053;5;28;1;53;0;3;32;20,07;20,28;16,56;0;Qty;10;0,642715;1;50100;24,0119;30;265;145;0,594419532;0,211956522;5,944195316;2,119565217;230;307;1,3;0,043478261;0,03257329;N;XP4;50153;40
50052;5;29;19;52;0;1;32;20,18;20,18;16,35;0;Qty;1;0,653244;1;50100;24,0119;30;265;145;0,585728444;0,234250765;0,585728444;0,234250765;230;307;1,3;0,004347826;0,003257329;N;XP4;50152;40
50047;5;29;4;47;2;2;32;20,92;21,14;15,93;0;Qty;10;0,647334;1;52100;23,3014;30;710;252;0,529636711;0,313245449;5,296367113;3,132454488;230;870;3,8;0,043478261;0,011494253;N;XP4;52147;30
50052;5;31;7;52;2;3;32;20,49;20,7;18,11;1;Qty;3;0,664073;1;52100;23,3014;30;710;252;0,561737433;0,131419105;1,685212299;0,394257316;230;870;3,8;0,013043478;0,003448276;N;XP4;52152;40
50037;5;31;20;37;2;0;20;17,43;17,61;15,28;3;Qty;3;0,094091;0;52000;19,9571;30;577;0;0,147446931;0,140706806;0,442340792;0,422120419;200;333;1,7;0,015;0,009009009;B;XP4;52037;90
50055;5;32;3;55;0;3;32;24,71;20,92;15,98;0;Qty;10;0,775643;2;50200;25,8689;30;390;390;0,295022258;0,546307885;2,950222582;5,463078849;70;349;5;0,142857143;0,028653295;R;XP4;50255;40
50040;5;33;10;40;1;1;24;17,98;17,99;15,05;2;Qty;4;0,244801;0;51000;20,945;30;82;0;0,334816463;0,194684385;1,339265851;0,778737542;220;127;0,6;0,018181818;0,031496063;B;XP4;51040;60
50053;5;33;6;53;2;2;32;22,11;22,34;19,41;1;Qty;10;0,755351;2;52200;25,2805;30;496;359;0,44730891;0,139103555;4,4730891;1,391035549;70;351;5;0,142857143;0,028490028;N;XP4;52253;40
50043;5;33;10;43;2;5;32;20,92;20,92;16,57;0;Qty;10;0,725698;2;52200;25,2805;30;496;359;0,529636711;0,262522631;5,296367113;2,625226313;70;351;5;0,142857143;0,028490028;N;XP4;52243;40
50055;5;34;14;55;2;5;36;21,34;43,6;19,08;0;Qty;10;0,978873;2;52200;25,2805;30;496;359;0,686972821;0,118448637;6,86972821;1,184486373;70;351;5;0,142857143;0,028490028;R;XP4;52255;40
50052;5;35;13;52;0;1;32;25,5;25,76;19,17;0;Qty;9;0,730043;2;50200;25,8689;40;390;390;0,254901961;0,330203443;2,294117647;2,971830986;70;349;5;0,128571429;0,025787966;N;XP4;50252;40
50053;5;36;17;53;1;6;36;21,26;21,48;17,44;0;Qty;5;0,872863;2;51200;25,5378;40;384;301;0,69332079;0,219036697;3,466603951;1,095183486;50;290;5,8;0,1;0,017241379;N;XP4;51253;40
50055;5;37;7;55;1;4;36;33,5;37;19,19;0;Qty;10;0,939323;2;51200;25,5378;40;384;301;0,074626866;0,745700886;0,746268657;7,457008859;50;290;5,8;0,2;0,034482759;R;XP4;51255;40
50043;5;37;11;43;0;4;32;20,96;21,18;16,5;0;Qty;10;0,736852;2;50200;25,8689;40;390;390;0,526717557;0,27030303;5,267175573;2,703030303;70;349;5;0,142857143;0,028653295;N;XP4;50243;40
50043;5;43;9;43;1;2;32;19,62;19,62;13,72;0;Qty;10;0,769485;2;51200;25,5378;40;384;301;0,630988787;0,430029155;6,30988787;4,300291545;50;290;5,8;0,2;0,034482759;N;XP4;51243;40
50066;5;43;17;66;0;5;32;21,54;39,09;16,98;0;Qty;8;0,717217;2;50200;25,8689;40;390;390;0,485608171;0,268551237;3,884865367;2,148409894;70;349;5;0,114285714;0,022922636;R;XP4;50266;130
50052;5;43;6;52;2;2;32;22,18;22,34;19,41;1;Qty;7;0,755351;2;52200;25,2805;40;496;359;0,442741208;0,142709943;3,099188458;0,998969603;70;351;5;0,1;0,01994302;N;XP4;52252;40
50046;5;44;18;46;2;7;32;21,48;21,48;17,68;0;Qty;10;0,709106;2;52200;25,2805;40;496;359;0,489757914;0,214932127;4,897579143;2,149321267;70;351;5;0,142857143;0,028490028;N;XP4;52246;50
50025;5;44;12;25;1;0;20;18,9;19,06;17,18;2;Qty;10;0,242061;0;51000;20,945;40;82;0;0,058201058;0,100116414;0,582010582;1,001164144;220;127;0,6;0,045454545;0,078740157;B;XP4;51025;60
50023;5;47;19;23;0;0;20;17,62;18,57;16,66;1;Qty;10;0,172911;0;50000;20,4825;50;163;0;0,13507378;0,057623049;1,350737798;0,576230492;200;161;0,8;0,05;0,062111801;B;XP4;50023;70
50037;5;47;20;37;1;2;24;19,95;20,27;17,21;0;Qty;10;0,579316;1;51100;23,3471;50;355;123;0,203007519;0,159209762;2,030075188;1,592097618;230;320;1,4;0,043478261;0,03125;B;XP4;51137;90
50025;5;51;11;25;0;1;20;17,93;18,12;15,76;1;Qty;10;0,197208;0;50000;20,4825;50;163;0;0,115448968;0,137690355;1,154489682;1,376903553;200;161;0,8;0,05;0,062111801;B;XP4;50025;60
50046;5;52;11;46;0;4;36;21,54;21,76;17,67;0;Qty;10;0,821816;2;50200;25,8689;50;390;390;0,671309192;0,21901528;6,713091922;2,190152801;70;349;5;0,142857143;0,028653295;N;XP4;50246;50
50025;5;54;8;25;2;0;20;18,46;18,46;16,97;2;Qty;6;0,166081;0;52000;19,9571;50;577;0;0,083423619;0,087802004;0,500541712;0,526812021;200;333;1,7;0,03;0,018018018;B;XP4;52025;60
